{
  "results": [
    {
      "hits": [
        {
          "ID": "1000242609281",
          "STATUS": "A",
          "PHARMACY_RESTRICTED": false,
          "CIN": "6793868",
          "START_DATE": 1603195200.0,
          "END_DATE": 1924948800.0,
          "NAME": "British Mature Cheddar 400g",
          "CS_YES": false,
          "SHOW_PRICE_CS": true,
          "SALES_TYPE": "Each",
          "IMAGE_ID": "5057172404711",
          "BRAND": "ASDA",
          "IS_BWS": false,
          "IS_FROZEN": false,
          "IS_SPONSORED": false,
          "LABEL": "",
          "PRICES": {
            "EN": {
              "OFFER": "List",
              "PRICE": 3.0,
              "PRICEPERUOM": 7.5,
              "PRICEPERUOMFORMATTED": "\u00a37.50/KG"
            }
          },
          "PRIMARY_TAXONOMY": {
            "CAT_ID": "1215660378320",
            "CAT_NAME": "Chilled Food",
            "DEPT_ID": "1215341805721",
            "DEPT_NAME": "Cheese",
            "AISLE_ID": "1215341805765",
            "AISLE_NAME": "Cheddar & Regional Cheese",
            "SHELF_ID": "1215341808760",
            "SHELF_NAME": "Mature Cheese"
          },
          "IS_FTO": false,
          "PRODUCT_TYPE": "STANDARD",
          "AVG_RATING": 4.5992,
          "RATING_COUNT": 252.0,
          "PROMOS": {
            "EN": [
              {
                "ID": "10000680018",
                "NAME": "Any 2 for \u00a35",
                "END_DATE": 1855007999.0,
                "START_DATE": 1763596800.0,
                "TYPE": 15
              }
            ]
          },
          "ICONS": [
            {
              "ID": "51000002",
              "ICON_NAME": "801_NoShellfish",
              "CLICKABLE": false,
              "IMAGE_URL": "https://ui.assets-asda.com/dm/_000_Icon?&$Icon-wapp$",
              "START_DATE": 1551700800,
              "END_DATE": 1551873600,
              "PRIORITY": 10440.0
            },
            {
              "ID": "55200006",
              "ICON_NAME": "_008_RedTractorAUTO",
              "CLICKABLE": true,
              "IMAGE_URL": "https://ui.assets-asda.com/dm/_008_redtractor?&$icon-wapp$",
              "START_DATE": 1609329600,
              "END_DATE": 1682510400,
              "PRIORITY": 5354.0
            },
            {
              "ID": "1215429129918",
              "ICON_NAME": "_043_British",
              "CLICKABLE": true,
              "IMAGE_URL": "https://ui.assets-asda.com/dm/_043_british?",
              "END_DATE": 1682510400,
              "PRIORITY": 5435.0
            },
            {
              "ID": "1215559958453",
              "ICON_NAME": "_122_farmerowned",
              "CLICKABLE": true,
              "IMAGE_URL": "https://ui.assets-asda.com/dm/_122_farmerowned?",
              "END_DATE": 1682510400,
              "PRIORITY": 1562.0
            }
          ],
          "PACK_SIZE": "400G",
          "MAX_QTY": 10,
          "objectID": "6793868",
          "_highlightResult": {
            "ID": {
              "value": "1000242609281",
              "matchLevel": "none",
              "matchedWords": []
            },
            "CIN": {
              "value": "6793868",
              "matchLevel": "none",
              "matchedWords": []
            },
            "NAME": {
              "value": "British Mature Cheddar 400g",
              "matchLevel": "none",
              "matchedWords": []
            },
            "KEYWORDS": {
              "value": "Block <em>Cheese</em>",
              "matchLevel": "full",
              "fullyHighlighted": false,
              "matchedWords": ["cheese"]
            },
            "BRAND": {
              "value": "ASDA",
              "matchLevel": "none",
              "matchedWords": []
            },
            "PRIMARY_TAXONOMY": {
              "AISLE_NAME": {
                "value": "Cheddar & Regional <em>Cheese</em>",
                "matchLevel": "full",
                "fullyHighlighted": false,
                "matchedWords": ["cheese"]
              },
              "SHELF_NAME": {
                "value": "Mature <em>Cheese</em>",
                "matchLevel": "full",
                "fullyHighlighted": false,
                "matchedWords": ["cheese"]
              }
            },
            "LIFESTYLES": [
              {
                "value": "Suitable for Vegetarians",
                "matchLevel": "none",
                "matchedWords": []
              }
            ]
          }
        },
        {
          "ID": "1000242609418",
          "STATUS": "A",
          "PHARMACY_RESTRICTED": false,
          "CIN": "6793870",
          "START_DATE": 1603195200.0,
          "END_DATE": 1924948800.0,
          "NAME": "British Mild Cheddar 400g",
          "CS_YES": false,
          "SHOW_PRICE_CS": true,
          "SALES_TYPE": "Each",
          "IMAGE_ID": "5057172404735",
          "BRAND": "ASDA",
          "IS_BWS": false,
          "IS_FROZEN": false,
          "IS_SPONSORED": false,
          "LABEL": "",
          "PRICES": {
            "EN": {
              "OFFER": "List",
              "PRICE": 3.0,
              "PRICEPERUOM": 7.5,
              "PRICEPERUOMFORMATTED": "\u00a37.50/KG"
            }
          },
          "PRIMARY_TAXONOMY": {
            "CAT_ID": "1215660378320",
            "CAT_NAME": "Chilled Food",
            "DEPT_ID": "1215341805721",
            "DEPT_NAME": "Cheese",
            "AISLE_ID": "1215341805765",
            "AISLE_NAME": "Cheddar & Regional Cheese",
            "SHELF_ID": "1215341808640",
            "SHELF_NAME": "Mild & Medium Cheese"
          },
          "IS_FTO": false,
          "PRODUCT_TYPE": "STANDARD",
          "AVG_RATING": 4.3451,
          "RATING_COUNT": 255.0,
          "PROMOS": {
            "EN": [
              {
                "ID": "10000680018",
                "NAME": "Any 2 for \u00a35",
                "END_DATE": 1855007999.0,
                "START_DATE": 1763596800.0,
                "TYPE": 15
              }
            ]
          },
          "ICONS": [
            {
              "ID": "51000002",
              "ICON_NAME": "801_NoShellfish",
              "CLICKABLE": false,
              "IMAGE_URL": "https://ui.assets-asda.com/dm/_000_Icon?&$Icon-wapp$",
              "START_DATE": 1551700800,
              "END_DATE": 1551873600,
              "PRIORITY": 10440.0
            },
            {
              "ID": "55200006",
              "ICON_NAME": "_008_RedTractorAUTO",
              "CLICKABLE": true,
              "IMAGE_URL": "https://ui.assets-asda.com/dm/_008_redtractor?&$icon-wapp$",
              "START_DATE": 1609329600,
              "END_DATE": 1682510400,
              "PRIORITY": 5354.0
            },
            {
              "ID": "1215429129918",
              "ICON_NAME": "_043_British",
              "CLICKABLE": true,
              "IMAGE_URL": "https://ui.assets-asda.com/dm/_043_british?",
              "END_DATE": 1682510400,
              "PRIORITY": 5435.0
            },
            {
              "ID": "1215559958453",
              "ICON_NAME": "_122_farmerowned",
              "CLICKABLE": true,
              "IMAGE_URL": "https://ui.assets-asda.com/dm/_122_farmerowned?",
              "END_DATE": 1682510400,
              "PRIORITY": 1562.0
            }
          ],
          "PACK_SIZE": "400G",
          "MAX_QTY": 10,
          "objectID": "6793870",
          "_highlightResult": {
            "ID": {
              "value": "1000242609418",
              "matchLevel": "none",
              "matchedWords": []
            },
            "CIN": {
              "value": "6793870",
              "matchLevel": "none",
              "matchedWords": []
            },
            "NAME": {
              "value": "British Mild Cheddar 400g",
              "matchLevel": "none",
              "matchedWords": []
            },
            "KEYWORDS": {
              "value": "Block <em>Cheese</em>",
              "matchLevel": "full",
              "fullyHighlighted": false,
              "matchedWords": ["cheese"]
            },
            "BRAND": {
              "value": "ASDA",
              "matchLevel": "none",
              "matchedWords": []
            },
            "PRIMARY_TAXONOMY": {
              "AISLE_NAME": {
                "value": "Cheddar & Regional <em>Cheese</em>",
                "matchLevel": "full",
                "fullyHighlighted": false,
                "matchedWords": ["cheese"]
              },
              "SHELF_NAME": {
                "value": "Mild & Medium <em>Cheese</em>",
                "matchLevel": "full",
                "fullyHighlighted": false,
                "matchedWords": ["cheese"]
              }
            },
            "LIFESTYLES": [
              {
                "value": "Suitable for Vegetarians",
                "matchLevel": "none",
                "matchedWords": []
              }
            ]
          }
        },
        {
          "ID": "1000242609542",
          "STATUS": "A",
          "PHARMACY_RESTRICTED": false,
          "CIN": "6793874",
          "START_DATE": 1603195200.0,
          "END_DATE": 1924948800.0,
          "NAME": "British Extra Mature Cheddar 400g",
          "CS_YES": false,
          "SHOW_PRICE_CS": true,
          "SALES_TYPE": "Each",
          "IMAGE_ID": "5057172404773",
          "BRAND": "ASDA",
          "IS_BWS": false,
          "IS_FROZEN": false,
          "IS_SPONSORED": false,
          "LABEL": "",
          "PRICES": {
            "EN": {
              "OFFER": "List",
              "PRICE": 3.0,
              "PRICEPERUOM": 7.5,
              "PRICEPERUOMFORMATTED": "\u00a37.50/KG"
            }
          },
          "PRIMARY_TAXONOMY": {
            "CAT_ID": "1215660378320",
            "CAT_NAME": "Chilled Food",
            "DEPT_ID": "1215341805721",
            "DEPT_NAME": "Cheese",
            "AISLE_ID": "1215341805765",
            "AISLE_NAME": "Cheddar & Regional Cheese",
            "SHELF_ID": "1215341808760",
            "SHELF_NAME": "Mature Cheese"
          },
          "IS_FTO": false,
          "PRODUCT_TYPE": "STANDARD",
          "AVG_RATING": 4.2045,
          "RATING_COUNT": 528.0,
          "PROMOS": {
            "EN": [
              {
                "ID": "10000680018",
                "NAME": "Any 2 for \u00a35",
                "END_DATE": 1855007999.0,
                "START_DATE": 1763596800.0,
                "TYPE": 15
              }
            ]
          },
          "ICONS": [
            {
              "ID": "51000002",
              "ICON_NAME": "801_NoShellfish",
              "CLICKABLE": false,
              "IMAGE_URL": "https://ui.assets-asda.com/dm/_000_Icon?&$Icon-wapp$",
              "START_DATE": 1551700800,
              "END_DATE": 1551873600,
              "PRIORITY": 10440.0
            },
            {
              "ID": "55200006",
              "ICON_NAME": "_008_RedTractorAUTO",
              "CLICKABLE": true,
              "IMAGE_URL": "https://ui.assets-asda.com/dm/_008_redtractor?&$icon-wapp$",
              "START_DATE": 1609329600,
              "END_DATE": 1682510400,
              "PRIORITY": 5354.0
            },
            {
              "ID": "1215429129918",
              "ICON_NAME": "_043_British",
              "CLICKABLE": true,
              "IMAGE_URL": "https://ui.assets-asda.com/dm/_043_british?",
              "END_DATE": 1682510400,
              "PRIORITY": 5435.0
            },
            {
              "ID": "1215559958453",
              "ICON_NAME": "_122_farmerowned",
              "CLICKABLE": true,
              "IMAGE_URL": "https://ui.assets-asda.com/dm/_122_farmerowned?",
              "END_DATE": 1682510400,
              "PRIORITY": 1562.0
            }
          ],
          "PACK_SIZE": "400G",
          "MAX_QTY": 10,
          "objectID": "6793874",
          "_highlightResult": {
            "ID": {
              "value": "1000242609542",
              "matchLevel": "none",
              "matchedWords": []
            },
            "CIN": {
              "value": "6793874",
              "matchLevel": "none",
              "matchedWords": []
            },
            "NAME": {
              "value": "British Extra Mature Cheddar 400g",
              "matchLevel": "none",
              "matchedWords": []
            },
            "KEYWORDS": {
              "value": "Block <em>cheese</em>",
              "matchLevel": "full",
              "fullyHighlighted": false,
              "matchedWords": ["cheese"]
            },
            "BRAND": {
              "value": "ASDA",
              "matchLevel": "none",
              "matchedWords": []
            },
            "PRIMARY_TAXONOMY": {
              "AISLE_NAME": {
                "value": "Cheddar & Regional <em>Cheese</em>",
                "matchLevel": "full",
                "fullyHighlighted": false,
                "matchedWords": ["cheese"]
              },
              "SHELF_NAME": {
                "value": "Mature <em>Cheese</em>",
                "matchLevel": "full",
                "fullyHighlighted": false,
                "matchedWords": ["cheese"]
              }
            },
            "LIFESTYLES": [
              {
                "value": "Suitable for Vegetarians",
                "matchLevel": "none",
                "matchedWords": []
              }
            ]
          }
        },
        {
          "ID": "1000242609507",
          "STATUS": "A",
          "PHARMACY_RESTRICTED": false,
          "CIN": "6793596",
          "START_DATE": 1603195200.0,
          "END_DATE": 1924948800.0,
          "NAME": "British Red Leicester 400g",
          "CS_YES": false,
          "SHOW_PRICE_CS": true,
          "SALES_TYPE": "Each",
          "IMAGE_ID": "5057172404636",
          "BRAND": "ASDA",
          "IS_BWS": false,
          "IS_FROZEN": false,
          "IS_SPONSORED": false,
          "LABEL": "",
          "PRICES": {
            "EN": {
              "OFFER": "List",
              "PRICE": 3.0,
              "PRICEPERUOM": 7.5,
              "PRICEPERUOMFORMATTED": "\u00a37.50/KG"
            }
          },
          "PRIMARY_TAXONOMY": {
            "CAT_ID": "1215660378320",
            "CAT_NAME": "Chilled Food",
            "DEPT_ID": "1215341805721",
            "DEPT_NAME": "Cheese",
            "AISLE_ID": "1215341805765",
            "AISLE_NAME": "Cheddar & Regional Cheese",
            "SHELF_ID": "1215341808998",
            "SHELF_NAME": "Red Leicester & Gloucester"
          },
          "IS_FTO": false,
          "PRODUCT_TYPE": "STANDARD",
          "AVG_RATING": 4.3832,
          "RATING_COUNT": 167.0,
          "PROMOS": {
            "EN": [
              {
                "ID": "10000680018",
                "NAME": "Any 2 for \u00a35",
                "END_DATE": 1855007999.0,
                "START_DATE": 1763596800.0,
                "TYPE": 15
              }
            ]
          },
          "ICONS": [
            {
              "ID": "51000002",
              "ICON_NAME": "801_NoShellfish",
              "CLICKABLE": false,
              "IMAGE_URL": "https://ui.assets-asda.com/dm/_000_Icon?&$Icon-wapp$",
              "START_DATE": 1551700800,
              "END_DATE": 1551873600,
              "PRIORITY": 10440.0
            },
            {
              "ID": "55200006",
              "ICON_NAME": "_008_RedTractorAUTO",
              "CLICKABLE": true,
              "IMAGE_URL": "https://ui.assets-asda.com/dm/_008_redtractor?&$icon-wapp$",
              "START_DATE": 1609329600,
              "END_DATE": 1682510400,
              "PRIORITY": 5354.0
            },
            {
              "ID": "1215429129918",
              "ICON_NAME": "_043_British",
              "CLICKABLE": true,
              "IMAGE_URL": "https://ui.assets-asda.com/dm/_043_british?",
              "END_DATE": 1682510400,
              "PRIORITY": 5435.0
            },
            {
              "ID": "1215559958453",
              "ICON_NAME": "_122_farmerowned",
              "CLICKABLE": true,
              "IMAGE_URL": "https://ui.assets-asda.com/dm/_122_farmerowned?",
              "END_DATE": 1682510400,
              "PRIORITY": 1562.0
            }
          ],
          "PACK_SIZE": "400G",
          "MAX_QTY": 10,
          "objectID": "6793596",
          "_highlightResult": {
            "ID": {
              "value": "1000242609507",
              "matchLevel": "none",
              "matchedWords": []
            },
            "CIN": {
              "value": "6793596",
              "matchLevel": "none",
              "matchedWords": []
            },
            "NAME": {
              "value": "British Red Leicester 400g",
              "matchLevel": "none",
              "matchedWords": []
            },
            "KEYWORDS": {
              "value": "Block <em>cheese</em>",
              "matchLevel": "full",
              "fullyHighlighted": false,
              "matchedWords": ["cheese"]
            },
            "BRAND": {
              "value": "ASDA",
              "matchLevel": "none",
              "matchedWords": []
            },
            "PRIMARY_TAXONOMY": {
              "AISLE_NAME": {
                "value": "Cheddar & Regional <em>Cheese</em>",
                "matchLevel": "full",
                "fullyHighlighted": false,
                "matchedWords": ["cheese"]
              },
              "SHELF_NAME": {
                "value": "Red Leicester & Gloucester",
                "matchLevel": "none",
                "matchedWords": []
              }
            },
            "LIFESTYLES": [
              {
                "value": "Suitable for Vegetarians",
                "matchLevel": "none",
                "matchedWords": []
              }
            ]
          }
        },
        {
          "ID": "1000242609572",
          "STATUS": "A",
          "PHARMACY_RESTRICTED": false,
          "CIN": "6793872",
          "START_DATE": 1603195200.0,
          "END_DATE": 1924948800.0,
          "NAME": "British Medium Cheddar 400g",
          "CS_YES": false,
          "SHOW_PRICE_CS": true,
          "SALES_TYPE": "Each",
          "IMAGE_ID": "5057172404759",
          "BRAND": "ASDA",
          "IS_BWS": false,
          "IS_FROZEN": false,
          "IS_SPONSORED": false,
          "LABEL": "",
          "PRICES": {
            "EN": {
              "OFFER": "List",
              "PRICE": 3.0,
              "PRICEPERUOM": 7.5,
              "PRICEPERUOMFORMATTED": "\u00a37.50/KG"
            }
          },
          "PRIMARY_TAXONOMY": {
            "CAT_ID": "1215660378320",
            "CAT_NAME": "Chilled Food",
            "DEPT_ID": "1215341805721",
            "DEPT_NAME": "Cheese",
            "AISLE_ID": "1215341805765",
            "AISLE_NAME": "Cheddar & Regional Cheese",
            "SHELF_ID": "1215341808640",
            "SHELF_NAME": "Mild & Medium Cheese"
          },
          "IS_FTO": false,
          "PRODUCT_TYPE": "STANDARD",
          "AVG_RATING": 4.5684,
          "RATING_COUNT": 95.0,
          "PROMOS": {
            "EN": [
              {
                "ID": "10000680018",
                "NAME": "Any 2 for \u00a35",
                "END_DATE": 1855007999.0,
                "START_DATE": 1763596800.0,
                "TYPE": 15
              }
            ]
          },
          "ICONS": [
            {
              "ID": "51000002",
              "ICON_NAME": "801_NoShellfish",
              "CLICKABLE": false,
              "IMAGE_URL": "https://ui.assets-asda.com/dm/_000_Icon?&$Icon-wapp$",
              "START_DATE": 1551700800,
              "END_DATE": 1551873600,
              "PRIORITY": 10440.0
            },
            {
              "ID": "55200006",
              "ICON_NAME": "_008_RedTractorAUTO",
              "CLICKABLE": true,
              "IMAGE_URL": "https://ui.assets-asda.com/dm/_008_redtractor?&$icon-wapp$",
              "START_DATE": 1609329600,
              "END_DATE": 1682510400,
              "PRIORITY": 5354.0
            },
            {
              "ID": "1215429129918",
              "ICON_NAME": "_043_British",
              "CLICKABLE": true,
              "IMAGE_URL": "https://ui.assets-asda.com/dm/_043_british?",
              "END_DATE": 1682510400,
              "PRIORITY": 5435.0
            },
            {
              "ID": "1215559958453",
              "ICON_NAME": "_122_farmerowned",
              "CLICKABLE": true,
              "IMAGE_URL": "https://ui.assets-asda.com/dm/_122_farmerowned?",
              "END_DATE": 1682510400,
              "PRIORITY": 1562.0
            }
          ],
          "PACK_SIZE": "400G",
          "MAX_QTY": 10,
          "objectID": "6793872",
          "_highlightResult": {
            "ID": {
              "value": "1000242609572",
              "matchLevel": "none",
              "matchedWords": []
            },
            "CIN": {
              "value": "6793872",
              "matchLevel": "none",
              "matchedWords": []
            },
            "NAME": {
              "value": "British Medium Cheddar 400g",
              "matchLevel": "none",
              "matchedWords": []
            },
            "KEYWORDS": {
              "value": "Block <em>Cheese</em>",
              "matchLevel": "full",
              "fullyHighlighted": false,
              "matchedWords": ["cheese"]
            },
            "BRAND": {
              "value": "ASDA",
              "matchLevel": "none",
              "matchedWords": []
            },
            "PRIMARY_TAXONOMY": {
              "AISLE_NAME": {
                "value": "Cheddar & Regional <em>Cheese</em>",
                "matchLevel": "full",
                "fullyHighlighted": false,
                "matchedWords": ["cheese"]
              },
              "SHELF_NAME": {
                "value": "Mild & Medium <em>Cheese</em>",
                "matchLevel": "full",
                "fullyHighlighted": false,
                "matchedWords": ["cheese"]
              }
            },
            "LIFESTYLES": [
              {
                "value": "Suitable for Vegetarians",
                "matchLevel": "none",
                "matchedWords": []
              }
            ]
          }
        },
        {
          "ID": "910000329132",
          "STATUS": "A",
          "PHARMACY_RESTRICTED": false,
          "CIN": "3364856",
          "START_DATE": -2208945600.0,
          "END_DATE": 1924948800.0,
          "NAME": "Extra Mature Cheddar Cheese 350g",
          "CS_YES": false,
          "SHOW_PRICE_CS": true,
          "SALES_TYPE": "Each",
          "IMAGE_ID": "5000295141599",
          "BRAND": "Cathedral City",
          "IS_BWS": false,
          "IS_FROZEN": false,
          "IS_SPONSORED": false,
          "LABEL": "",
          "PRICES": {
            "EN": {
              "OFFER": "Rollback",
              "PRICE": 3.0,
              "WASPRICE": 3.58,
              "PRICEPERUOM": 8.57143,
              "PRICEPERUOMFORMATTED": "\u00a38.57/KG"
            }
          },
          "PRIMARY_TAXONOMY": {
            "CAT_ID": "1215660378320",
            "CAT_NAME": "Chilled Food",
            "DEPT_ID": "1215341805721",
            "DEPT_NAME": "Cheese",
            "AISLE_ID": "1215341805765",
            "AISLE_NAME": "Cheddar & Regional Cheese",
            "SHELF_ID": "1215341808819",
            "SHELF_NAME": "Extra Mature & Vintage Cheese"
          },
          "IS_FTO": false,
          "PRODUCT_TYPE": "STANDARD",
          "AVG_RATING": 4.7225,
          "RATING_COUNT": 209.0,
          "ICONS": [
            {
              "ID": "55000003",
              "ICON_NAME": "_151_UnionFlag",
              "CLICKABLE": false,
              "IMAGE_URL": "https://ui.assets-asda.comtest.jpg",
              "START_DATE": 1594728000,
              "END_DATE": 1600171200,
              "PRIORITY": 10427.0
            },
            {
              "ID": "55200006",
              "ICON_NAME": "_008_RedTractorAUTO",
              "CLICKABLE": true,
              "IMAGE_URL": "https://ui.assets-asda.com/dm/_008_redtractor?&$icon-wapp$",
              "START_DATE": 1609329600,
              "END_DATE": 1682510400,
              "PRIORITY": 5354.0
            }
          ],
          "PACK_SIZE": "350G",
          "MAX_QTY": 10,
          "objectID": "3364856",
          "_highlightResult": {
            "ID": {
              "value": "910000329132",
              "matchLevel": "none",
              "matchedWords": []
            },
            "CIN": {
              "value": "3364856",
              "matchLevel": "none",
              "matchedWords": []
            },
            "NAME": {
              "value": "Extra Mature Cheddar <em>Cheese</em> 350g",
              "matchLevel": "full",
              "fullyHighlighted": false,
              "matchedWords": ["cheese"]
            },
            "BRAND": {
              "value": "Cathedral City",
              "matchLevel": "none",
              "matchedWords": []
            },
            "PRIMARY_TAXONOMY": {
              "AISLE_NAME": {
                "value": "Cheddar & Regional <em>Cheese</em>",
                "matchLevel": "full",
                "fullyHighlighted": false,
                "matchedWords": ["cheese"]
              },
              "SHELF_NAME": {
                "value": "Extra Mature & Vintage <em>Cheese</em>",
                "matchLevel": "full",
                "fullyHighlighted": false,
                "matchedWords": ["cheese"]
              }
            },
            "LIFESTYLES": [
              {
                "value": "Suitable for Vegetarians",
                "matchLevel": "none",
                "matchedWords": []
              }
            ]
          }
        },
        {
          "ID": "910000455372",
          "STATUS": "A",
          "PHARMACY_RESTRICTED": false,
          "CIN": "3658568",
          "START_DATE": -2208945600.0,
          "END_DATE": 1924948800.0,
          "NAME": "Our Mature Cheddar Cheese 350g",
          "CS_YES": false,
          "SHOW_PRICE_CS": true,
          "SALES_TYPE": "Each",
          "IMAGE_ID": "5000295142893",
          "BRAND": "Cathedral City",
          "IS_BWS": false,
          "IS_FROZEN": false,
          "IS_SPONSORED": false,
          "LABEL": "",
          "PRICES": {
            "EN": {
              "OFFER": "Rollback",
              "PRICE": 3.0,
              "WASPRICE": 3.58,
              "PRICEPERUOM": 8.57143,
              "PRICEPERUOMFORMATTED": "\u00a38.57/KG"
            }
          },
          "PRIMARY_TAXONOMY": {
            "CAT_ID": "1215660378320",
            "CAT_NAME": "Chilled Food",
            "DEPT_ID": "1215341805721",
            "DEPT_NAME": "Cheese",
            "AISLE_ID": "1215341805765",
            "AISLE_NAME": "Cheddar & Regional Cheese",
            "SHELF_ID": "1215341808760",
            "SHELF_NAME": "Mature Cheese"
          },
          "IS_FTO": false,
          "PRODUCT_TYPE": "STANDARD",
          "AVG_RATING": 4.7652,
          "RATING_COUNT": 328.0,
          "ICONS": [
            {
              "ID": "55200006",
              "ICON_NAME": "_008_RedTractorAUTO",
              "CLICKABLE": true,
              "IMAGE_URL": "https://ui.assets-asda.com/dm/_008_redtractor?&$icon-wapp$",
              "START_DATE": 1609329600,
              "END_DATE": 1682510400,
              "PRIORITY": 5354.0
            }
          ],
          "PACK_SIZE": "350G",
          "MAX_QTY": 10,
          "objectID": "3658568",
          "_highlightResult": {
            "ID": {
              "value": "910000455372",
              "matchLevel": "none",
              "matchedWords": []
            },
            "CIN": {
              "value": "3658568",
              "matchLevel": "none",
              "matchedWords": []
            },
            "NAME": {
              "value": "Our Mature Cheddar <em>Cheese</em> 350g",
              "matchLevel": "full",
              "fullyHighlighted": false,
              "matchedWords": ["cheese"]
            },
            "BRAND": {
              "value": "Cathedral City",
              "matchLevel": "none",
              "matchedWords": []
            },
            "PRIMARY_TAXONOMY": {
              "AISLE_NAME": {
                "value": "Cheddar & Regional <em>Cheese</em>",
                "matchLevel": "full",
                "fullyHighlighted": false,
                "matchedWords": ["cheese"]
              },
              "SHELF_NAME": {
                "value": "Mature <em>Cheese</em>",
                "matchLevel": "full",
                "fullyHighlighted": false,
                "matchedWords": ["cheese"]
              }
            },
            "LIFESTYLES": [
              {
                "value": "Suitable for Vegetarians",
                "matchLevel": "none",
                "matchedWords": []
              }
            ]
          }
        },
        {
          "ID": "910000563476",
          "STATUS": "A",
          "PHARMACY_RESTRICTED": false,
          "CIN": "3884166",
          "START_DATE": 1677585600.0,
          "END_DATE": 1924948800.0,
          "NAME": "Twisted Cheestrings 80g (4 x 20g)",
          "CS_YES": false,
          "SHOW_PRICE_CS": true,
          "SALES_TYPE": "Each",
          "IMAGE_ID": "5000187130915",
          "BRAND": "Strings & Things",
          "IS_BWS": false,
          "IS_FROZEN": false,
          "IS_SPONSORED": false,
          "LABEL": "",
          "PRICES": {
            "EN": {
              "OFFER": "Rollback",
              "PRICE": 1.0,
              "WASPRICE": 1.73,
              "PRICEPERUOM": 12.5,
              "PRICEPERUOMFORMATTED": "\u00a312.50/KG"
            }
          },
          "PRIMARY_TAXONOMY": {
            "CAT_ID": "1215660378320",
            "CAT_NAME": "Chilled Food",
            "DEPT_ID": "1215341805721",
            "DEPT_NAME": "Cheese",
            "AISLE_ID": "1215341805914",
            "AISLE_NAME": "Cheese Snacks & Lunchbox",
            "SHELF_ID": "1215341810541",
            "SHELF_NAME": "Cheese Strips & Dunkers"
          },
          "IS_FTO": false,
          "PRODUCT_TYPE": "STANDARD",
          "AVG_RATING": 4.6087,
          "RATING_COUNT": 23.0,
          "ICONS": [
            {
              "ID": "51000002",
              "ICON_NAME": "801_NoShellfish",
              "CLICKABLE": false,
              "IMAGE_URL": "https://ui.assets-asda.com/dm/_000_Icon?&$Icon-wapp$",
              "START_DATE": 1551700800,
              "END_DATE": 1551873600,
              "PRIORITY": 10440.0
            }
          ],
          "PACK_SIZE": "80G",
          "MAX_QTY": 10,
          "objectID": "3884166",
          "_highlightResult": {
            "ID": {
              "value": "910000563476",
              "matchLevel": "none",
              "matchedWords": []
            },
            "CIN": {
              "value": "3884166",
              "matchLevel": "none",
              "matchedWords": []
            },
            "NAME": {
              "value": "Twisted Cheestrings 80g (4 x 20g)",
              "matchLevel": "none",
              "matchedWords": []
            },
            "KEYWORDS": {
              "value": "packed lunch",
              "matchLevel": "none",
              "matchedWords": []
            },
            "BRAND": {
              "value": "Strings & Things",
              "matchLevel": "none",
              "matchedWords": []
            },
            "PRIMARY_TAXONOMY": {
              "AISLE_NAME": {
                "value": "<em>Cheese</em> Snacks & Lunchbox",
                "matchLevel": "full",
                "fullyHighlighted": false,
                "matchedWords": ["cheese"]
              },
              "SHELF_NAME": {
                "value": "<em>Cheese</em> Strips & Dunkers",
                "matchLevel": "full",
                "fullyHighlighted": false,
                "matchedWords": ["cheese"]
              }
            },
            "LIFESTYLES": [
              {
                "value": "Suitable for Vegetarians",
                "matchLevel": "none",
                "matchedWords": []
              }
            ]
          }
        },
        {
          "ID": "910000563219",
          "STATUS": "A",
          "PHARMACY_RESTRICTED": false,
          "CIN": "3884164",
          "START_DATE": -2208945600.0,
          "END_DATE": 1924948800.0,
          "NAME": "Cheestrings 80g (4x20g)",
          "CS_YES": false,
          "SHOW_PRICE_CS": true,
          "SALES_TYPE": "Each",
          "IMAGE_ID": "5000187130908",
          "BRAND": "Strings & Things",
          "IS_BWS": false,
          "IS_FROZEN": false,
          "IS_SPONSORED": false,
          "LABEL": "",
          "PRICES": {
            "EN": {
              "OFFER": "Rollback",
              "PRICE": 1.0,
              "WASPRICE": 1.73,
              "PRICEPERUOM": 12.5,
              "PRICEPERUOMFORMATTED": "\u00a312.50/KG"
            }
          },
          "PRIMARY_TAXONOMY": {
            "CAT_ID": "1215660378320",
            "CAT_NAME": "Chilled Food",
            "DEPT_ID": "1215341805721",
            "DEPT_NAME": "Cheese",
            "AISLE_ID": "1215341805914",
            "AISLE_NAME": "Cheese Snacks & Lunchbox",
            "SHELF_ID": "1215341810541",
            "SHELF_NAME": "Cheese Strips & Dunkers"
          },
          "IS_FTO": false,
          "PRODUCT_TYPE": "STANDARD",
          "AVG_RATING": 4.1471,
          "RATING_COUNT": 102.0,
          "ICONS": [
            {
              "ID": "51000002",
              "ICON_NAME": "801_NoShellfish",
              "CLICKABLE": false,
              "IMAGE_URL": "https://ui.assets-asda.com/dm/_000_Icon?&$Icon-wapp$",
              "START_DATE": 1551700800,
              "END_DATE": 1551873600,
              "PRIORITY": 10440.0
            }
          ],
          "PACK_SIZE": "80G",
          "MAX_QTY": 10,
          "objectID": "3884164",
          "_highlightResult": {
            "ID": {
              "value": "910000563219",
              "matchLevel": "none",
              "matchedWords": []
            },
            "CIN": {
              "value": "3884164",
              "matchLevel": "none",
              "matchedWords": []
            },
            "NAME": {
              "value": "Cheestrings 80g (4x20g)",
              "matchLevel": "none",
              "matchedWords": []
            },
            "KEYWORDS": {
              "value": "packed lunch",
              "matchLevel": "none",
              "matchedWords": []
            },
            "BRAND": {
              "value": "Strings & Things",
              "matchLevel": "none",
              "matchedWords": []
            },
            "PRIMARY_TAXONOMY": {
              "AISLE_NAME": {
                "value": "<em>Cheese</em> Snacks & Lunchbox",
                "matchLevel": "full",
                "fullyHighlighted": false,
                "matchedWords": ["cheese"]
              },
              "SHELF_NAME": {
                "value": "<em>Cheese</em> Strips & Dunkers",
                "matchLevel": "full",
                "fullyHighlighted": false,
                "matchedWords": ["cheese"]
              }
            },
            "LIFESTYLES": [
              {
                "value": "Suitable for Vegetarians",
                "matchLevel": "none",
                "matchedWords": []
              }
            ]
          }
        },
        {
          "ID": "1000371550354",
          "STATUS": "A",
          "PHARMACY_RESTRICTED": false,
          "CIN": "7345725",
          "START_DATE": 1647950400.0,
          "END_DATE": 1924948800.0,
          "NAME": "Garlic & Herbs Soft Cream Cheese 165g",
          "CS_YES": false,
          "SHOW_PRICE_CS": true,
          "SALES_TYPE": "Each",
          "IMAGE_ID": "7622201694777",
          "BRAND": "Philadelphia",
          "IS_BWS": false,
          "IS_FROZEN": false,
          "IS_SPONSORED": false,
          "LABEL": "",
          "PRICES": {
            "EN": {
              "OFFER": "Rollback",
              "PRICE": 1.0,
              "WASPRICE": 2.08,
              "PRICEPERUOM": 6.06061,
              "PRICEPERUOMFORMATTED": "\u00a36.06/KG"
            }
          },
          "PRIMARY_TAXONOMY": {
            "CAT_ID": "1215660378320",
            "CAT_NAME": "Chilled Food",
            "DEPT_ID": "1215341805721",
            "DEPT_NAME": "Cheese",
            "AISLE_ID": "1215341805865",
            "AISLE_NAME": "Soft & Cottage Cheese",
            "SHELF_ID": "1215341810303",
            "SHELF_NAME": "Soft Cheese"
          },
          "IS_FTO": false,
          "PRODUCT_TYPE": "STANDARD",
          "AVG_RATING": 4.7748,
          "RATING_COUNT": 111.0,
          "PACK_SIZE": "165G",
          "MAX_QTY": 10,
          "objectID": "7345725",
          "_highlightResult": {
            "ID": {
              "value": "1000371550354",
              "matchLevel": "none",
              "matchedWords": []
            },
            "CIN": {
              "value": "7345725",
              "matchLevel": "none",
              "matchedWords": []
            },
            "NAME": {
              "value": "Garlic & Herbs Soft Cream <em>Cheese</em> 165g",
              "matchLevel": "full",
              "fullyHighlighted": false,
              "matchedWords": ["cheese"]
            },
            "KEYWORDS": {
              "value": "cream <em>cheese</em>,spread,spreadable,<em>cheese</em> spread",
              "matchLevel": "full",
              "fullyHighlighted": false,
              "matchedWords": ["cheese"]
            },
            "BRAND": {
              "value": "Philadelphia",
              "matchLevel": "none",
              "matchedWords": []
            },
            "PRIMARY_TAXONOMY": {
              "AISLE_NAME": {
                "value": "Soft & Cottage <em>Cheese</em>",
                "matchLevel": "full",
                "fullyHighlighted": false,
                "matchedWords": ["cheese"]
              },
              "SHELF_NAME": {
                "value": "Soft <em>Cheese</em>",
                "matchLevel": "full",
                "fullyHighlighted": false,
                "matchedWords": ["cheese"]
              }
            }
          }
        },
        {
          "ID": "1000371550338",
          "STATUS": "A",
          "PHARMACY_RESTRICTED": false,
          "CIN": "7345711",
          "START_DATE": 1647950400.0,
          "END_DATE": 1924948800.0,
          "NAME": "Soft Cheese Chives 165g",
          "CS_YES": false,
          "SHOW_PRICE_CS": true,
          "SALES_TYPE": "Each",
          "IMAGE_ID": "7622201693831",
          "BRAND": "Philadelphia",
          "IS_BWS": false,
          "IS_FROZEN": false,
          "IS_SPONSORED": false,
          "LABEL": "",
          "PRICES": {
            "EN": {
              "OFFER": "Rollback",
              "PRICE": 1.0,
              "WASPRICE": 2.08,
              "PRICEPERUOM": 6.06061,
              "PRICEPERUOMFORMATTED": "\u00a36.06/KG"
            }
          },
          "PRIMARY_TAXONOMY": {
            "CAT_ID": "1215660378320",
            "CAT_NAME": "Chilled Food",
            "DEPT_ID": "1215341805721",
            "DEPT_NAME": "Cheese",
            "AISLE_ID": "1215341805865",
            "AISLE_NAME": "Soft & Cottage Cheese",
            "SHELF_ID": "1215341810303",
            "SHELF_NAME": "Soft Cheese"
          },
          "IS_FTO": false,
          "PRODUCT_TYPE": "STANDARD",
          "AVG_RATING": 4.6563,
          "RATING_COUNT": 64.0,
          "PACK_SIZE": "165G",
          "MAX_QTY": 10,
          "objectID": "7345711",
          "_highlightResult": {
            "ID": {
              "value": "1000371550338",
              "matchLevel": "none",
              "matchedWords": []
            },
            "CIN": {
              "value": "7345711",
              "matchLevel": "none",
              "matchedWords": []
            },
            "NAME": {
              "value": "Soft <em>Cheese</em> Chives 165g",
              "matchLevel": "full",
              "fullyHighlighted": false,
              "matchedWords": ["cheese"]
            },
            "KEYWORDS": {
              "value": "cream <em>cheese</em>,spread,spreadable,<em>cheese</em> spread",
              "matchLevel": "full",
              "fullyHighlighted": false,
              "matchedWords": ["cheese"]
            },
            "BRAND": {
              "value": "Philadelphia",
              "matchLevel": "none",
              "matchedWords": []
            },
            "PRIMARY_TAXONOMY": {
              "AISLE_NAME": {
                "value": "Soft & Cottage <em>Cheese</em>",
                "matchLevel": "full",
                "fullyHighlighted": false,
                "matchedWords": ["cheese"]
              },
              "SHELF_NAME": {
                "value": "Soft <em>Cheese</em>",
                "matchLevel": "full",
                "fullyHighlighted": false,
                "matchedWords": ["cheese"]
              }
            }
          }
        },
        {
          "ID": "1000371550415",
          "STATUS": "A",
          "PHARMACY_RESTRICTED": false,
          "CIN": "7345715",
          "START_DATE": 1647950400.0,
          "END_DATE": 1924948800.0,
          "NAME": "Original Soft Cream Cheese 165G",
          "CS_YES": false,
          "SHOW_PRICE_CS": true,
          "SALES_TYPE": "Each",
          "IMAGE_ID": "7622201693916",
          "BRAND": "Philadelphia",
          "IS_BWS": false,
          "IS_FROZEN": false,
          "IS_SPONSORED": false,
          "LABEL": "",
          "PRICES": {
            "EN": {
              "OFFER": "Rollback",
              "PRICE": 1.0,
              "WASPRICE": 2.08,
              "PRICEPERUOM": 6.06061,
              "PRICEPERUOMFORMATTED": "\u00a36.06/KG"
            }
          },
          "PRIMARY_TAXONOMY": {
            "CAT_ID": "1215660378320",
            "CAT_NAME": "Chilled Food",
            "DEPT_ID": "1215341805721",
            "DEPT_NAME": "Cheese",
            "AISLE_ID": "1215341805865",
            "AISLE_NAME": "Soft & Cottage Cheese",
            "SHELF_ID": "1215341810303",
            "SHELF_NAME": "Soft Cheese"
          },
          "IS_FTO": false,
          "PRODUCT_TYPE": "STANDARD",
          "AVG_RATING": 4.6915,
          "RATING_COUNT": 94.0,
          "PACK_SIZE": "165G",
          "MAX_QTY": 10,
          "objectID": "7345715",
          "_highlightResult": {
            "ID": {
              "value": "1000371550415",
              "matchLevel": "none",
              "matchedWords": []
            },
            "CIN": {
              "value": "7345715",
              "matchLevel": "none",
              "matchedWords": []
            },
            "NAME": {
              "value": "Original Soft Cream <em>Cheese</em> 165G",
              "matchLevel": "full",
              "fullyHighlighted": false,
              "matchedWords": ["cheese"]
            },
            "KEYWORDS": {
              "value": "cream <em>cheese</em>,spread,spreadable,<em>cheese</em> spread",
              "matchLevel": "full",
              "fullyHighlighted": false,
              "matchedWords": ["cheese"]
            },
            "BRAND": {
              "value": "Philadelphia",
              "matchLevel": "none",
              "matchedWords": []
            },
            "PRIMARY_TAXONOMY": {
              "AISLE_NAME": {
                "value": "Soft & Cottage <em>Cheese</em>",
                "matchLevel": "full",
                "fullyHighlighted": false,
                "matchedWords": ["cheese"]
              },
              "SHELF_NAME": {
                "value": "Soft <em>Cheese</em>",
                "matchLevel": "full",
                "fullyHighlighted": false,
                "matchedWords": ["cheese"]
              }
            }
          }
        },
        {
          "ID": "1000242609280",
          "STATUS": "A",
          "PHARMACY_RESTRICTED": false,
          "CIN": "6793864",
          "START_DATE": 1603195200.0,
          "END_DATE": 1924948800.0,
          "NAME": "British Light Extra Mature Cheddar 400g",
          "CS_YES": false,
          "SHOW_PRICE_CS": true,
          "SALES_TYPE": "Each",
          "IMAGE_ID": "5057172404674",
          "BRAND": "ASDA",
          "IS_BWS": false,
          "IS_FROZEN": false,
          "IS_SPONSORED": false,
          "LABEL": "",
          "PRICES": {
            "EN": {
              "OFFER": "List",
              "PRICE": 3.0,
              "PRICEPERUOM": 7.5,
              "PRICEPERUOMFORMATTED": "\u00a37.50/KG"
            }
          },
          "PRIMARY_TAXONOMY": {
            "CAT_ID": "1215660378320",
            "CAT_NAME": "Chilled Food",
            "DEPT_ID": "1215341805721",
            "DEPT_NAME": "Cheese",
            "AISLE_ID": "1215341805765",
            "AISLE_NAME": "Cheddar & Regional Cheese",
            "SHELF_ID": "1215341808760",
            "SHELF_NAME": "Mature Cheese"
          },
          "IS_FTO": false,
          "PRODUCT_TYPE": "STANDARD",
          "AVG_RATING": 4.1711,
          "RATING_COUNT": 76.0,
          "PROMOS": {
            "EN": [
              {
                "ID": "10000680018",
                "NAME": "Any 2 for \u00a35",
                "END_DATE": 1855007999.0,
                "START_DATE": 1763596800.0,
                "TYPE": 15
              }
            ]
          },
          "ICONS": [
            {
              "ID": "51000002",
              "ICON_NAME": "801_NoShellfish",
              "CLICKABLE": false,
              "IMAGE_URL": "https://ui.assets-asda.com/dm/_000_Icon?&$Icon-wapp$",
              "START_DATE": 1551700800,
              "END_DATE": 1551873600,
              "PRIORITY": 10440.0
            },
            {
              "ID": "55200006",
              "ICON_NAME": "_008_RedTractorAUTO",
              "CLICKABLE": true,
              "IMAGE_URL": "https://ui.assets-asda.com/dm/_008_redtractor?&$icon-wapp$",
              "START_DATE": 1609329600,
              "END_DATE": 1682510400,
              "PRIORITY": 5354.0
            },
            {
              "ID": "59600445",
              "ICON_NAME": "M&S Taste Match",
              "CLICKABLE": true,
              "IMAGE_URL": "https://ui.assets-asda.com/dm/M-S-Taste-Match-Icon?",
              "START_DATE": 1695643200,
              "END_DATE": 1725019200,
              "PRIORITY": 70.0
            },
            {
              "ID": "1215429129918",
              "ICON_NAME": "_043_British",
              "CLICKABLE": true,
              "IMAGE_URL": "https://ui.assets-asda.com/dm/_043_british?",
              "END_DATE": 1682510400,
              "PRIORITY": 5435.0
            },
            {
              "ID": "1215559958453",
              "ICON_NAME": "_122_farmerowned",
              "CLICKABLE": true,
              "IMAGE_URL": "https://ui.assets-asda.com/dm/_122_farmerowned?",
              "END_DATE": 1682510400,
              "PRIORITY": 1562.0
            }
          ],
          "PACK_SIZE": "400G",
          "MAX_QTY": 10,
          "objectID": "6793864",
          "_highlightResult": {
            "ID": {
              "value": "1000242609280",
              "matchLevel": "none",
              "matchedWords": []
            },
            "CIN": {
              "value": "6793864",
              "matchLevel": "none",
              "matchedWords": []
            },
            "NAME": {
              "value": "British Light Extra Mature Cheddar 400g",
              "matchLevel": "none",
              "matchedWords": []
            },
            "KEYWORDS": {
              "value": "M&S Taste match,taste match,low fat <em>cheese</em>,Block <em>cheese</em>",
              "matchLevel": "full",
              "fullyHighlighted": false,
              "matchedWords": ["cheese"]
            },
            "BRAND": {
              "value": "ASDA",
              "matchLevel": "none",
              "matchedWords": []
            },
            "PRIMARY_TAXONOMY": {
              "AISLE_NAME": {
                "value": "Cheddar & Regional <em>Cheese</em>",
                "matchLevel": "full",
                "fullyHighlighted": false,
                "matchedWords": ["cheese"]
              },
              "SHELF_NAME": {
                "value": "Mature <em>Cheese</em>",
                "matchLevel": "full",
                "fullyHighlighted": false,
                "matchedWords": ["cheese"]
              }
            },
            "LIFESTYLES": [
              {
                "value": "Suitable for Vegetarians",
                "matchLevel": "none",
                "matchedWords": []
              }
            ]
          }
        },
        {
          "ID": "1000242609348",
          "STATUS": "A",
          "PHARMACY_RESTRICTED": false,
          "CIN": "6793594",
          "START_DATE": 1603195200.0,
          "END_DATE": 1924948800.0,
          "NAME": "British Light Mature Cheddar 400g",
          "CS_YES": false,
          "SHOW_PRICE_CS": true,
          "SALES_TYPE": "Each",
          "IMAGE_ID": "5057172404650",
          "BRAND": "ASDA",
          "IS_BWS": false,
          "IS_FROZEN": false,
          "IS_SPONSORED": false,
          "LABEL": "",
          "PRICES": {
            "EN": {
              "OFFER": "List",
              "PRICE": 3.0,
              "PRICEPERUOM": 7.5,
              "PRICEPERUOMFORMATTED": "\u00a37.50/KG"
            }
          },
          "PRIMARY_TAXONOMY": {
            "CAT_ID": "1215660378320",
            "CAT_NAME": "Chilled Food",
            "DEPT_ID": "1215341805721",
            "DEPT_NAME": "Cheese",
            "AISLE_ID": "1215685771343",
            "AISLE_NAME": "Lower Fat Cheese",
            "SHELF_ID": "1215624110531",
            "SHELF_NAME": "Lower Fat Cheese"
          },
          "IS_FTO": false,
          "PRODUCT_TYPE": "STANDARD",
          "AVG_RATING": 4.5,
          "RATING_COUNT": 62.0,
          "PROMOS": {
            "EN": [
              {
                "ID": "10000680018",
                "NAME": "Any 2 for \u00a35",
                "END_DATE": 1855007999.0,
                "START_DATE": 1763596800.0,
                "TYPE": 15
              }
            ]
          },
          "ICONS": [
            {
              "ID": "51000002",
              "ICON_NAME": "801_NoShellfish",
              "CLICKABLE": false,
              "IMAGE_URL": "https://ui.assets-asda.com/dm/_000_Icon?&$Icon-wapp$",
              "START_DATE": 1551700800,
              "END_DATE": 1551873600,
              "PRIORITY": 10440.0
            },
            {
              "ID": "55200006",
              "ICON_NAME": "_008_RedTractorAUTO",
              "CLICKABLE": true,
              "IMAGE_URL": "https://ui.assets-asda.com/dm/_008_redtractor?&$icon-wapp$",
              "START_DATE": 1609329600,
              "END_DATE": 1682510400,
              "PRIORITY": 5354.0
            },
            {
              "ID": "59600445",
              "ICON_NAME": "M&S Taste Match",
              "CLICKABLE": true,
              "IMAGE_URL": "https://ui.assets-asda.com/dm/M-S-Taste-Match-Icon?",
              "START_DATE": 1695643200,
              "END_DATE": 1725019200,
              "PRIORITY": 70.0
            },
            {
              "ID": "1215429129918",
              "ICON_NAME": "_043_British",
              "CLICKABLE": true,
              "IMAGE_URL": "https://ui.assets-asda.com/dm/_043_british?",
              "END_DATE": 1682510400,
              "PRIORITY": 5435.0
            },
            {
              "ID": "1215559958453",
              "ICON_NAME": "_122_farmerowned",
              "CLICKABLE": true,
              "IMAGE_URL": "https://ui.assets-asda.com/dm/_122_farmerowned?",
              "END_DATE": 1682510400,
              "PRIORITY": 1562.0
            }
          ],
          "PACK_SIZE": "400G",
          "MAX_QTY": 10,
          "objectID": "6793594",
          "_highlightResult": {
            "ID": {
              "value": "1000242609348",
              "matchLevel": "none",
              "matchedWords": []
            },
            "CIN": {
              "value": "6793594",
              "matchLevel": "none",
              "matchedWords": []
            },
            "NAME": {
              "value": "British Light Mature Cheddar 400g",
              "matchLevel": "none",
              "matchedWords": []
            },
            "KEYWORDS": {
              "value": "M&S Taste match,taste match,low fat <em>cheese</em>",
              "matchLevel": "full",
              "fullyHighlighted": false,
              "matchedWords": ["cheese"]
            },
            "BRAND": {
              "value": "ASDA",
              "matchLevel": "none",
              "matchedWords": []
            },
            "PRIMARY_TAXONOMY": {
              "AISLE_NAME": {
                "value": "Lower Fat <em>Cheese</em>",
                "matchLevel": "full",
                "fullyHighlighted": false,
                "matchedWords": ["cheese"]
              },
              "SHELF_NAME": {
                "value": "Lower Fat <em>Cheese</em>",
                "matchLevel": "full",
                "fullyHighlighted": false,
                "matchedWords": ["cheese"]
              }
            },
            "LIFESTYLES": [
              {
                "value": "Suitable for Vegetarians",
                "matchLevel": "none",
                "matchedWords": []
              }
            ]
          }
        },
        {
          "ID": "1000118028743",
          "STATUS": "A",
          "PHARMACY_RESTRICTED": false,
          "CIN": "6350525",
          "START_DATE": 1554811200.0,
          "END_DATE": 1924948800.0,
          "NAME": "Soft Cheese Milka 150g",
          "CS_YES": false,
          "SHOW_PRICE_CS": true,
          "SALES_TYPE": "Each",
          "IMAGE_ID": "7622210664990",
          "BRAND": "Philadelphia",
          "IS_BWS": false,
          "IS_FROZEN": false,
          "IS_SPONSORED": false,
          "LABEL": "",
          "PRICES": {
            "EN": {
              "OFFER": "Rollback",
              "PRICE": 1.0,
              "WASPRICE": 2.08,
              "PRICEPERUOM": 6.66667,
              "PRICEPERUOMFORMATTED": "\u00a36.67/KG"
            }
          },
          "PRIMARY_TAXONOMY": {
            "CAT_ID": "1215660378320",
            "CAT_NAME": "Chilled Food",
            "DEPT_ID": "1215341805721",
            "DEPT_NAME": "Cheese",
            "AISLE_ID": "1215341805865",
            "AISLE_NAME": "Soft & Cottage Cheese",
            "SHELF_ID": "1215341810303",
            "SHELF_NAME": "Soft Cheese"
          },
          "IS_FTO": false,
          "PRODUCT_TYPE": "STANDARD",
          "AVG_RATING": 4.8444,
          "RATING_COUNT": 45.0,
          "PACK_SIZE": "150G",
          "MAX_QTY": 10,
          "objectID": "6350525",
          "_highlightResult": {
            "ID": {
              "value": "1000118028743",
              "matchLevel": "none",
              "matchedWords": []
            },
            "CIN": {
              "value": "6350525",
              "matchLevel": "none",
              "matchedWords": []
            },
            "NAME": {
              "value": "Soft <em>Cheese</em> Milka 150g",
              "matchLevel": "full",
              "fullyHighlighted": false,
              "matchedWords": ["cheese"]
            },
            "BRAND": {
              "value": "Philadelphia",
              "matchLevel": "none",
              "matchedWords": []
            },
            "PRIMARY_TAXONOMY": {
              "AISLE_NAME": {
                "value": "Soft & Cottage <em>Cheese</em>",
                "matchLevel": "full",
                "fullyHighlighted": false,
                "matchedWords": ["cheese"]
              },
              "SHELF_NAME": {
                "value": "Soft <em>Cheese</em>",
                "matchLevel": "full",
                "fullyHighlighted": false,
                "matchedWords": ["cheese"]
              }
            }
          }
        },
        {
          "ID": "1000371550410",
          "STATUS": "A",
          "PHARMACY_RESTRICTED": false,
          "CIN": "7345719",
          "START_DATE": 1647950400.0,
          "END_DATE": 1924948800.0,
          "NAME": "Light 165g",
          "CS_YES": false,
          "SHOW_PRICE_CS": true,
          "SALES_TYPE": "Each",
          "IMAGE_ID": "7622201693954",
          "BRAND": "Philadelphia",
          "IS_BWS": false,
          "IS_FROZEN": false,
          "IS_SPONSORED": false,
          "LABEL": "",
          "PRICES": {
            "EN": {
              "OFFER": "Rollback",
              "PRICE": 1.0,
              "WASPRICE": 2.08,
              "PRICEPERUOM": 6.06061,
              "PRICEPERUOMFORMATTED": "\u00a36.06/KG"
            }
          },
          "PRIMARY_TAXONOMY": {
            "CAT_ID": "1215660378320",
            "CAT_NAME": "Chilled Food",
            "DEPT_ID": "1215341805721",
            "DEPT_NAME": "Cheese",
            "AISLE_ID": "1215341805865",
            "AISLE_NAME": "Soft & Cottage Cheese",
            "SHELF_ID": "1215341810303",
            "SHELF_NAME": "Soft Cheese"
          },
          "IS_FTO": false,
          "PRODUCT_TYPE": "STANDARD",
          "AVG_RATING": 4.4884,
          "RATING_COUNT": 43.0,
          "PACK_SIZE": "165G",
          "MAX_QTY": 10,
          "objectID": "7345719",
          "_highlightResult": {
            "ID": {
              "value": "1000371550410",
              "matchLevel": "none",
              "matchedWords": []
            },
            "CIN": {
              "value": "7345719",
              "matchLevel": "none",
              "matchedWords": []
            },
            "NAME": {
              "value": "Light 165g",
              "matchLevel": "none",
              "matchedWords": []
            },
            "KEYWORDS": {
              "value": "cream <em>cheese</em>,spread,spreadable,<em>cheese</em> spread,low fat <em>cheese</em>,low fat cream <em>cheese</em>,low fat soft <em>cheese</em>",
              "matchLevel": "full",
              "fullyHighlighted": false,
              "matchedWords": ["cheese"]
            },
            "BRAND": {
              "value": "Philadelphia",
              "matchLevel": "none",
              "matchedWords": []
            },
            "PRIMARY_TAXONOMY": {
              "AISLE_NAME": {
                "value": "Soft & Cottage <em>Cheese</em>",
                "matchLevel": "full",
                "fullyHighlighted": false,
                "matchedWords": ["cheese"]
              },
              "SHELF_NAME": {
                "value": "Soft <em>Cheese</em>",
                "matchLevel": "full",
                "fullyHighlighted": false,
                "matchedWords": ["cheese"]
              }
            }
          }
        },
        {
          "ID": "910001183647",
          "STATUS": "A",
          "PHARMACY_RESTRICTED": false,
          "CIN": "4450493",
          "START_DATE": -2208945600.0,
          "END_DATE": 1924948800.0,
          "NAME": "Grated Cheddar 500g",
          "CS_YES": false,
          "SHOW_PRICE_CS": true,
          "SALES_TYPE": "Each",
          "IMAGE_ID": "5054070071311",
          "BRAND": "JUST ESSENTIALS by ASDA",
          "IS_BWS": false,
          "IS_FROZEN": false,
          "IS_SPONSORED": false,
          "LABEL": "",
          "PRICES": {
            "EN": {
              "OFFER": "List",
              "PRICE": 2.99,
              "PRICEPERUOM": 5.98,
              "PRICEPERUOMFORMATTED": "\u00a35.98/KG"
            }
          },
          "PRIMARY_TAXONOMY": {
            "CAT_ID": "1215660378320",
            "CAT_NAME": "Chilled Food",
            "DEPT_ID": "1215341805721",
            "DEPT_NAME": "Cheese",
            "AISLE_ID": "1215341805765",
            "AISLE_NAME": "Cheddar & Regional Cheese",
            "SHELF_ID": "1215626750653",
            "SHELF_NAME": "Grated & Sliced Cheese"
          },
          "IS_FTO": false,
          "PRODUCT_TYPE": "STANDARD",
          "AVG_RATING": 3.6141,
          "RATING_COUNT": 184.0,
          "ICONS": [
            {
              "ID": "51000002",
              "ICON_NAME": "801_NoShellfish",
              "CLICKABLE": false,
              "IMAGE_URL": "https://ui.assets-asda.com/dm/_000_Icon?&$Icon-wapp$",
              "START_DATE": 1551700800,
              "END_DATE": 1551873600,
              "PRIORITY": 10440.0
            },
            {
              "ID": "55200006",
              "ICON_NAME": "_008_RedTractorAUTO",
              "CLICKABLE": true,
              "IMAGE_URL": "https://ui.assets-asda.com/dm/_008_redtractor?&$icon-wapp$",
              "START_DATE": 1609329600,
              "END_DATE": 1682510400,
              "PRIORITY": 5354.0
            }
          ],
          "PACK_SIZE": "500G",
          "MAX_QTY": 24,
          "objectID": "4450493",
          "_highlightResult": {
            "ID": {
              "value": "910001183647",
              "matchLevel": "none",
              "matchedWords": []
            },
            "CIN": {
              "value": "4450493",
              "matchLevel": "none",
              "matchedWords": []
            },
            "NAME": {
              "value": "Grated Cheddar 500g",
              "matchLevel": "none",
              "matchedWords": []
            },
            "BRAND": {
              "value": "JUST ESSENTIALS by ASDA",
              "matchLevel": "none",
              "matchedWords": []
            },
            "PRIMARY_TAXONOMY": {
              "AISLE_NAME": {
                "value": "Cheddar & Regional <em>Cheese</em>",
                "matchLevel": "full",
                "fullyHighlighted": false,
                "matchedWords": ["cheese"]
              },
              "SHELF_NAME": {
                "value": "Grated & Sliced <em>Cheese</em>",
                "matchLevel": "full",
                "fullyHighlighted": false,
                "matchedWords": ["cheese"]
              }
            },
            "LIFESTYLES": [
              {
                "value": "Suitable for Vegetarians",
                "matchLevel": "none",
                "matchedWords": []
              }
            ]
          }
        },
        {
          "ID": "1000383142979",
          "STATUS": "A",
          "PHARMACY_RESTRICTED": false,
          "CIN": "7498003",
          "START_DATE": 1673438400.0,
          "END_DATE": 1924948800.0,
          "NAME": "White Cheddar 400g",
          "CS_YES": false,
          "SHOW_PRICE_CS": true,
          "SALES_TYPE": "Each",
          "IMAGE_ID": "5063089019818",
          "BRAND": "JUST ESSENTIALS by ASDA",
          "IS_BWS": false,
          "IS_FROZEN": false,
          "IS_SPONSORED": false,
          "LABEL": "",
          "PRICES": {
            "EN": {
              "OFFER": "List",
              "PRICE": 2.79,
              "PRICEPERUOM": 6.975,
              "PRICEPERUOMFORMATTED": "\u00a36.98/KG"
            }
          },
          "PRIMARY_TAXONOMY": {
            "CAT_ID": "1215660378320",
            "CAT_NAME": "Chilled Food",
            "DEPT_ID": "1215341805721",
            "DEPT_NAME": "Cheese",
            "AISLE_ID": "1215341805765",
            "AISLE_NAME": "Cheddar & Regional Cheese",
            "SHELF_ID": "1215341808760",
            "SHELF_NAME": "Mature Cheese"
          },
          "IS_FTO": false,
          "PRODUCT_TYPE": "STANDARD",
          "AVG_RATING": 2.5443,
          "RATING_COUNT": 79.0,
          "ICONS": [
            {
              "ID": "51000002",
              "ICON_NAME": "801_NoShellfish",
              "CLICKABLE": false,
              "IMAGE_URL": "https://ui.assets-asda.com/dm/_000_Icon?&$Icon-wapp$",
              "START_DATE": 1551700800,
              "END_DATE": 1551873600,
              "PRIORITY": 10440.0
            }
          ],
          "PACK_SIZE": "400G",
          "MAX_QTY": 10,
          "objectID": "7498003",
          "_highlightResult": {
            "ID": {
              "value": "1000383142979",
              "matchLevel": "none",
              "matchedWords": []
            },
            "CIN": {
              "value": "7498003",
              "matchLevel": "none",
              "matchedWords": []
            },
            "NAME": {
              "value": "White Cheddar 400g",
              "matchLevel": "none",
              "matchedWords": []
            },
            "BRAND": {
              "value": "JUST ESSENTIALS by ASDA",
              "matchLevel": "none",
              "matchedWords": []
            },
            "PRIMARY_TAXONOMY": {
              "AISLE_NAME": {
                "value": "Cheddar & Regional <em>Cheese</em>",
                "matchLevel": "full",
                "fullyHighlighted": false,
                "matchedWords": ["cheese"]
              },
              "SHELF_NAME": {
                "value": "Mature <em>Cheese</em>",
                "matchLevel": "full",
                "fullyHighlighted": false,
                "matchedWords": ["cheese"]
              }
            },
            "LIFESTYLES": [
              {
                "value": "Suitable for Vegetarians",
                "matchLevel": "none",
                "matchedWords": []
              }
            ]
          }
        },
        {
          "ID": "1000094333951",
          "STATUS": "A",
          "PHARMACY_RESTRICTED": false,
          "CIN": "6300085",
          "START_DATE": 1704196800.0,
          "END_DATE": 1924948800.0,
          "NAME": "Mature White Cheddar 825g",
          "CS_YES": false,
          "SHOW_PRICE_CS": true,
          "SALES_TYPE": "Each",
          "IMAGE_ID": "5057172016075",
          "BRAND": "JUST ESSENTIALS by ASDA",
          "IS_BWS": false,
          "IS_FROZEN": false,
          "IS_SPONSORED": false,
          "LABEL": "",
          "PRICES": {
            "EN": {
              "OFFER": "List",
              "PRICE": 4.57,
              "PRICEPERUOM": 5.53939,
              "PRICEPERUOMFORMATTED": "\u00a35.54/KG"
            }
          },
          "PRIMARY_TAXONOMY": {
            "CAT_ID": "1215660378320",
            "CAT_NAME": "Chilled Food",
            "DEPT_ID": "1215341805721",
            "DEPT_NAME": "Cheese",
            "AISLE_ID": "1215341805765",
            "AISLE_NAME": "Cheddar & Regional Cheese",
            "SHELF_ID": "1215341808760",
            "SHELF_NAME": "Mature Cheese"
          },
          "IS_FTO": false,
          "PRODUCT_TYPE": "STANDARD",
          "AVG_RATING": 4.0681,
          "RATING_COUNT": 191.0,
          "ICONS": [
            {
              "ID": "51000002",
              "ICON_NAME": "801_NoShellfish",
              "CLICKABLE": false,
              "IMAGE_URL": "https://ui.assets-asda.com/dm/_000_Icon?&$Icon-wapp$",
              "START_DATE": 1551700800,
              "END_DATE": 1551873600,
              "PRIORITY": 10440.0
            },
            {
              "ID": "55200006",
              "ICON_NAME": "_008_RedTractorAUTO",
              "CLICKABLE": true,
              "IMAGE_URL": "https://ui.assets-asda.com/dm/_008_redtractor?&$icon-wapp$",
              "START_DATE": 1609329600,
              "END_DATE": 1682510400,
              "PRIORITY": 5354.0
            }
          ],
          "PACK_SIZE": "825G",
          "MAX_QTY": 10,
          "objectID": "6300085",
          "_highlightResult": {
            "ID": {
              "value": "1000094333951",
              "matchLevel": "none",
              "matchedWords": []
            },
            "CIN": {
              "value": "6300085",
              "matchLevel": "none",
              "matchedWords": []
            },
            "NAME": {
              "value": "Mature White Cheddar 825g",
              "matchLevel": "none",
              "matchedWords": []
            },
            "BRAND": {
              "value": "JUST ESSENTIALS by ASDA",
              "matchLevel": "none",
              "matchedWords": []
            },
            "PRIMARY_TAXONOMY": {
              "AISLE_NAME": {
                "value": "Cheddar & Regional <em>Cheese</em>",
                "matchLevel": "full",
                "fullyHighlighted": false,
                "matchedWords": ["cheese"]
              },
              "SHELF_NAME": {
                "value": "Mature <em>Cheese</em>",
                "matchLevel": "full",
                "fullyHighlighted": false,
                "matchedWords": ["cheese"]
              }
            },
            "LIFESTYLES": [
              {
                "value": "Suitable for Vegetarians",
                "matchLevel": "none",
                "matchedWords": []
              }
            ]
          }
        },
        {
          "ID": "1000383143082",
          "STATUS": "A",
          "PHARMACY_RESTRICTED": false,
          "CIN": "7498007",
          "START_DATE": 1673524800.0,
          "END_DATE": 1924948800.0,
          "NAME": "Red Leicester 400g",
          "CS_YES": false,
          "SHOW_PRICE_CS": true,
          "SALES_TYPE": "Each",
          "IMAGE_ID": "5063089019856",
          "BRAND": "JUST ESSENTIALS by ASDA",
          "IS_BWS": false,
          "IS_FROZEN": false,
          "IS_SPONSORED": false,
          "LABEL": "",
          "PRICES": {
            "EN": {
              "OFFER": "List",
              "PRICE": 2.79,
              "PRICEPERUOM": 6.975,
              "PRICEPERUOMFORMATTED": "\u00a36.98/KG"
            }
          },
          "PRIMARY_TAXONOMY": {
            "CAT_ID": "1215660378320",
            "CAT_NAME": "Chilled Food",
            "DEPT_ID": "1215341805721",
            "DEPT_NAME": "Cheese",
            "AISLE_ID": "1215341805765",
            "AISLE_NAME": "Cheddar & Regional Cheese",
            "SHELF_ID": "1215341808998",
            "SHELF_NAME": "Red Leicester & Gloucester"
          },
          "IS_FTO": false,
          "PRODUCT_TYPE": "STANDARD",
          "AVG_RATING": 2.9231,
          "RATING_COUNT": 26.0,
          "ICONS": [
            {
              "ID": "51000002",
              "ICON_NAME": "801_NoShellfish",
              "CLICKABLE": false,
              "IMAGE_URL": "https://ui.assets-asda.com/dm/_000_Icon?&$Icon-wapp$",
              "START_DATE": 1551700800,
              "END_DATE": 1551873600,
              "PRIORITY": 10440.0
            }
          ],
          "PACK_SIZE": "400G",
          "MAX_QTY": 10,
          "objectID": "7498007",
          "_highlightResult": {
            "ID": {
              "value": "1000383143082",
              "matchLevel": "none",
              "matchedWords": []
            },
            "CIN": {
              "value": "7498007",
              "matchLevel": "none",
              "matchedWords": []
            },
            "NAME": {
              "value": "Red Leicester 400g",
              "matchLevel": "none",
              "matchedWords": []
            },
            "BRAND": {
              "value": "JUST ESSENTIALS by ASDA",
              "matchLevel": "none",
              "matchedWords": []
            },
            "PRIMARY_TAXONOMY": {
              "AISLE_NAME": {
                "value": "Cheddar & Regional <em>Cheese</em>",
                "matchLevel": "full",
                "fullyHighlighted": false,
                "matchedWords": ["cheese"]
              },
              "SHELF_NAME": {
                "value": "Red Leicester & Gloucester",
                "matchLevel": "none",
                "matchedWords": []
              }
            },
            "LIFESTYLES": [
              {
                "value": "Suitable for Vegetarians",
                "matchLevel": "none",
                "matchedWords": []
              }
            ]
          }
        },
        {
          "ID": "910002987626",
          "STATUS": "A",
          "PHARMACY_RESTRICTED": false,
          "CIN": "5717697",
          "START_DATE": 1486987200.0,
          "END_DATE": 1924948800.0,
          "NAME": "Mature British Cheddar 750g",
          "CS_YES": false,
          "SHOW_PRICE_CS": true,
          "SALES_TYPE": "Each",
          "IMAGE_ID": "5054781337294",
          "BRAND": "ASDA",
          "IS_BWS": false,
          "IS_FROZEN": false,
          "IS_SPONSORED": false,
          "LABEL": "",
          "PRICES": {
            "EN": {
              "OFFER": "List",
              "PRICE": 4.98,
              "PRICEPERUOM": 6.64,
              "PRICEPERUOMFORMATTED": "\u00a36.64/KG"
            }
          },
          "PRIMARY_TAXONOMY": {
            "CAT_ID": "1215660378320",
            "CAT_NAME": "Chilled Food",
            "DEPT_ID": "1215341805721",
            "DEPT_NAME": "Cheese",
            "AISLE_ID": "1215341805765",
            "AISLE_NAME": "Cheddar & Regional Cheese",
            "SHELF_ID": "1215341808760",
            "SHELF_NAME": "Mature Cheese"
          },
          "IS_FTO": false,
          "PRODUCT_TYPE": "STANDARD",
          "AVG_RATING": 4.5341,
          "RATING_COUNT": 264.0,
          "ICONS": [
            {
              "ID": "51000002",
              "ICON_NAME": "801_NoShellfish",
              "CLICKABLE": false,
              "IMAGE_URL": "https://ui.assets-asda.com/dm/_000_Icon?&$Icon-wapp$",
              "START_DATE": 1551700800,
              "END_DATE": 1551873600,
              "PRIORITY": 10440.0
            },
            {
              "ID": "55200006",
              "ICON_NAME": "_008_RedTractorAUTO",
              "CLICKABLE": true,
              "IMAGE_URL": "https://ui.assets-asda.com/dm/_008_redtractor?&$icon-wapp$",
              "START_DATE": 1609329600,
              "END_DATE": 1682510400,
              "PRIORITY": 5354.0
            }
          ],
          "PACK_SIZE": "750G",
          "MAX_QTY": 10,
          "objectID": "5717697",
          "_highlightResult": {
            "ID": {
              "value": "910002987626",
              "matchLevel": "none",
              "matchedWords": []
            },
            "CIN": {
              "value": "5717697",
              "matchLevel": "none",
              "matchedWords": []
            },
            "NAME": {
              "value": "Mature British Cheddar 750g",
              "matchLevel": "none",
              "matchedWords": []
            },
            "BRAND": {
              "value": "ASDA",
              "matchLevel": "none",
              "matchedWords": []
            },
            "PRIMARY_TAXONOMY": {
              "AISLE_NAME": {
                "value": "Cheddar & Regional <em>Cheese</em>",
                "matchLevel": "full",
                "fullyHighlighted": false,
                "matchedWords": ["cheese"]
              },
              "SHELF_NAME": {
                "value": "Mature <em>Cheese</em>",
                "matchLevel": "full",
                "fullyHighlighted": false,
                "matchedWords": ["cheese"]
              }
            },
            "LIFESTYLES": [
              {
                "value": "Suitable for Vegetarians",
                "matchLevel": "none",
                "matchedWords": []
              }
            ]
          }
        },
        {
          "ID": "1000209848461",
          "STATUS": "I",
          "PHARMACY_RESTRICTED": false,
          "CIN": "6687440",
          "START_DATE": 1617278400.0,
          "END_DATE": 1767528000.0,
          "NAME": "Grated Four Cheese Blend 200g",
          "CS_YES": false,
          "SHOW_PRICE_CS": true,
          "SALES_TYPE": "Each",
          "IMAGE_ID": "5057172226085",
          "BRAND": "ASDA",
          "IS_BWS": false,
          "IS_FROZEN": false,
          "IS_SPONSORED": false,
          "LABEL": "",
          "PRICES": {
            "EN": {
              "OFFER": "List",
              "PRICE": 2.54,
              "PRICEPERUOM": 12.7,
              "PRICEPERUOMFORMATTED": "\u00a312.70/KG"
            }
          },
          "PRIMARY_TAXONOMY": {
            "CAT_ID": "1215660378320",
            "CAT_NAME": "Chilled Food",
            "DEPT_ID": "1215341805721",
            "DEPT_NAME": "Cheese",
            "AISLE_ID": "1215341805815",
            "AISLE_NAME": "Grated & Sliced Cheese",
            "SHELF_ID": "1215341810123",
            "SHELF_NAME": "Grated Cheese"
          },
          "IS_FTO": false,
          "PRODUCT_TYPE": "STANDARD",
          "AVG_RATING": 4.5985,
          "RATING_COUNT": 137.0,
          "PROMOS": {
            "EN": [
              {
                "ID": "10000761871",
                "NAME": "Any 2 for \u00a34.50",
                "END_DATE": 1769126399.0,
                "START_DATE": 1767139200.0,
                "TYPE": 15
              }
            ]
          },
          "ICONS": [
            {
              "ID": "51000002",
              "ICON_NAME": "801_NoShellfish",
              "CLICKABLE": false,
              "IMAGE_URL": "https://ui.assets-asda.com/dm/_000_Icon?&$Icon-wapp$",
              "START_DATE": 1551700800,
              "END_DATE": 1551873600,
              "PRIORITY": 10440.0
            }
          ],
          "PACK_SIZE": "200G",
          "MAX_QTY": 10,
          "objectID": "6687440",
          "_highlightResult": {
            "ID": {
              "value": "1000209848461",
              "matchLevel": "none",
              "matchedWords": []
            },
            "CIN": {
              "value": "6687440",
              "matchLevel": "none",
              "matchedWords": []
            },
            "NAME": {
              "value": "Grated Four <em>Cheese</em> Blend 200g",
              "matchLevel": "full",
              "fullyHighlighted": false,
              "matchedWords": ["cheese"]
            },
            "BRAND": {
              "value": "ASDA",
              "matchLevel": "none",
              "matchedWords": []
            },
            "PRIMARY_TAXONOMY": {
              "AISLE_NAME": {
                "value": "Grated & Sliced <em>Cheese</em>",
                "matchLevel": "full",
                "fullyHighlighted": false,
                "matchedWords": ["cheese"]
              },
              "SHELF_NAME": {
                "value": "Grated <em>Cheese</em>",
                "matchLevel": "full",
                "fullyHighlighted": false,
                "matchedWords": ["cheese"]
              }
            },
            "LIFESTYLES": [
              {
                "value": "Suitable for Vegetarians",
                "matchLevel": "none",
                "matchedWords": []
              }
            ]
          }
        },
        {
          "ID": "910001330995",
          "STATUS": "A",
          "PHARMACY_RESTRICTED": false,
          "CIN": "4642115",
          "START_DATE": -2208945600.0,
          "END_DATE": 1924948800.0,
          "NAME": "Grated Mozzarella 250g",
          "CS_YES": false,
          "SHOW_PRICE_CS": true,
          "SALES_TYPE": "Each",
          "IMAGE_ID": "5054070275641",
          "BRAND": "ASDA",
          "IS_BWS": false,
          "IS_FROZEN": false,
          "IS_SPONSORED": false,
          "LABEL": "",
          "PRICES": {
            "EN": {
              "OFFER": "List",
              "PRICE": 2.54,
              "PRICEPERUOM": 10.16,
              "PRICEPERUOMFORMATTED": "\u00a310.16/KG"
            }
          },
          "PRIMARY_TAXONOMY": {
            "CAT_ID": "1215660378320",
            "CAT_NAME": "Chilled Food",
            "DEPT_ID": "1215341805721",
            "DEPT_NAME": "Cheese",
            "AISLE_ID": "1215341805765",
            "AISLE_NAME": "Cheddar & Regional Cheese",
            "SHELF_ID": "1215626750653",
            "SHELF_NAME": "Grated & Sliced Cheese"
          },
          "IS_FTO": false,
          "PRODUCT_TYPE": "STANDARD",
          "AVG_RATING": 4.1756,
          "RATING_COUNT": 205.0,
          "PROMOS": {
            "EN": [
              {
                "ID": "10000761871",
                "NAME": "Any 2 for \u00a34.50",
                "END_DATE": 1769126399.0,
                "START_DATE": 1767139200.0,
                "TYPE": 15
              }
            ]
          },
          "ICONS": [
            {
              "ID": "51000002",
              "ICON_NAME": "801_NoShellfish",
              "CLICKABLE": false,
              "IMAGE_URL": "https://ui.assets-asda.com/dm/_000_Icon?&$Icon-wapp$",
              "START_DATE": 1551700800,
              "END_DATE": 1551873600,
              "PRIORITY": 10440.0
            },
            {
              "ID": "59600445",
              "ICON_NAME": "M&S Taste Match",
              "CLICKABLE": true,
              "IMAGE_URL": "https://ui.assets-asda.com/dm/M-S-Taste-Match-Icon?",
              "START_DATE": 1695643200,
              "END_DATE": 1725019200,
              "PRIORITY": 70.0
            },
            {
              "ID": "1215559958453",
              "ICON_NAME": "_122_farmerowned",
              "CLICKABLE": true,
              "IMAGE_URL": "https://ui.assets-asda.com/dm/_122_farmerowned?",
              "END_DATE": 1682510400,
              "PRIORITY": 1562.0
            }
          ],
          "PACK_SIZE": "250G",
          "MAX_QTY": 10,
          "objectID": "4642115",
          "_highlightResult": {
            "ID": {
              "value": "910001330995",
              "matchLevel": "none",
              "matchedWords": []
            },
            "CIN": {
              "value": "4642115",
              "matchLevel": "none",
              "matchedWords": []
            },
            "NAME": {
              "value": "Grated Mozzarella 250g",
              "matchLevel": "none",
              "matchedWords": []
            },
            "KEYWORDS": {
              "value": "pizza topping,M&S Taste match,taste match",
              "matchLevel": "none",
              "matchedWords": []
            },
            "BRAND": {
              "value": "ASDA",
              "matchLevel": "none",
              "matchedWords": []
            },
            "PRIMARY_TAXONOMY": {
              "AISLE_NAME": {
                "value": "Cheddar & Regional <em>Cheese</em>",
                "matchLevel": "full",
                "fullyHighlighted": false,
                "matchedWords": ["cheese"]
              },
              "SHELF_NAME": {
                "value": "Grated & Sliced <em>Cheese</em>",
                "matchLevel": "full",
                "fullyHighlighted": false,
                "matchedWords": ["cheese"]
              }
            },
            "LIFESTYLES": [
              {
                "value": "Suitable for Vegetarians",
                "matchLevel": "none",
                "matchedWords": []
              }
            ]
          }
        },
        {
          "ID": "1000383142929",
          "STATUS": "A",
          "PHARMACY_RESTRICTED": false,
          "CIN": "7498005",
          "START_DATE": 1673524800.0,
          "END_DATE": 1924948800.0,
          "NAME": "White Cheddar 400g",
          "CS_YES": false,
          "SHOW_PRICE_CS": true,
          "SALES_TYPE": "Each",
          "IMAGE_ID": "5063089019832",
          "BRAND": "JUST ESSENTIALS by ASDA",
          "IS_BWS": false,
          "IS_FROZEN": false,
          "IS_SPONSORED": false,
          "LABEL": "",
          "PRICES": {
            "EN": {
              "OFFER": "List",
              "PRICE": 2.79,
              "PRICEPERUOM": 6.975,
              "PRICEPERUOMFORMATTED": "\u00a36.98/KG"
            }
          },
          "PRIMARY_TAXONOMY": {
            "CAT_ID": "1215660378320",
            "CAT_NAME": "Chilled Food",
            "DEPT_ID": "1215341805721",
            "DEPT_NAME": "Cheese",
            "AISLE_ID": "1215341805765",
            "AISLE_NAME": "Cheddar & Regional Cheese",
            "SHELF_ID": "1215341808640",
            "SHELF_NAME": "Mild & Medium Cheese"
          },
          "IS_FTO": false,
          "PRODUCT_TYPE": "STANDARD",
          "AVG_RATING": 2.75,
          "RATING_COUNT": 20.0,
          "ICONS": [
            {
              "ID": "51000002",
              "ICON_NAME": "801_NoShellfish",
              "CLICKABLE": false,
              "IMAGE_URL": "https://ui.assets-asda.com/dm/_000_Icon?&$Icon-wapp$",
              "START_DATE": 1551700800,
              "END_DATE": 1551873600,
              "PRIORITY": 10440.0
            }
          ],
          "PACK_SIZE": "400G",
          "MAX_QTY": 10,
          "objectID": "7498005",
          "_highlightResult": {
            "ID": {
              "value": "1000383142929",
              "matchLevel": "none",
              "matchedWords": []
            },
            "CIN": {
              "value": "7498005",
              "matchLevel": "none",
              "matchedWords": []
            },
            "NAME": {
              "value": "White Cheddar 400g",
              "matchLevel": "none",
              "matchedWords": []
            },
            "BRAND": {
              "value": "JUST ESSENTIALS by ASDA",
              "matchLevel": "none",
              "matchedWords": []
            },
            "PRIMARY_TAXONOMY": {
              "AISLE_NAME": {
                "value": "Cheddar & Regional <em>Cheese</em>",
                "matchLevel": "full",
                "fullyHighlighted": false,
                "matchedWords": ["cheese"]
              },
              "SHELF_NAME": {
                "value": "Mild & Medium <em>Cheese</em>",
                "matchLevel": "full",
                "fullyHighlighted": false,
                "matchedWords": ["cheese"]
              }
            },
            "LIFESTYLES": [
              {
                "value": "Suitable for Vegetarians",
                "matchLevel": "none",
                "matchedWords": []
              }
            ]
          }
        },
        {
          "ID": "21637",
          "STATUS": "A",
          "PHARMACY_RESTRICTED": false,
          "CIN": "407841",
          "START_DATE": -2208945600.0,
          "END_DATE": 1924948800.0,
          "NAME": "Mini  Original Cheese Snacks 6 x 20g",
          "CS_YES": false,
          "SHOW_PRICE_CS": true,
          "SALES_TYPE": "Each",
          "IMAGE_ID": "3073780828628",
          "BRAND": "Mini Babybel",
          "IS_BWS": false,
          "IS_FROZEN": false,
          "IS_SPONSORED": false,
          "LABEL": "",
          "PRICES": {
            "EN": {
              "OFFER": "List",
              "PRICE": 2.45,
              "PRICEPERUOM": 20.41667,
              "PRICEPERUOMFORMATTED": "\u00a320.42/KG"
            }
          },
          "PRIMARY_TAXONOMY": {
            "CAT_ID": "1215660378320",
            "CAT_NAME": "Chilled Food",
            "DEPT_ID": "1215341805721",
            "DEPT_NAME": "Cheese",
            "AISLE_ID": "1215341805914",
            "AISLE_NAME": "Cheese Snacks & Lunchbox",
            "SHELF_ID": "1215341830101",
            "SHELF_NAME": "Cheese Snacking"
          },
          "IS_FTO": false,
          "PRODUCT_TYPE": "STANDARD",
          "AVG_RATING": 4.5823,
          "RATING_COUNT": 79.0,
          "ICONS": [
            {
              "ID": "51000002",
              "ICON_NAME": "801_NoShellfish",
              "CLICKABLE": false,
              "IMAGE_URL": "https://ui.assets-asda.com/dm/_000_Icon?&$Icon-wapp$",
              "START_DATE": 1551700800,
              "END_DATE": 1551873600,
              "PRIORITY": 10440.0
            }
          ],
          "PACK_SIZE": "120G",
          "MAX_QTY": 10,
          "objectID": "407841",
          "_highlightResult": {
            "ID": {
              "value": "21637",
              "matchLevel": "none",
              "matchedWords": []
            },
            "CIN": {
              "value": "407841",
              "matchLevel": "none",
              "matchedWords": []
            },
            "NAME": {
              "value": "Mini  Original <em>Cheese</em> Snacks 6 x 20g",
              "matchLevel": "full",
              "fullyHighlighted": false,
              "matchedWords": ["cheese"]
            },
            "KEYWORDS": {
              "value": "lunch box,lunchbox,lunch bag",
              "matchLevel": "none",
              "matchedWords": []
            },
            "BRAND": {
              "value": "Mini Babybel",
              "matchLevel": "none",
              "matchedWords": []
            },
            "PRIMARY_TAXONOMY": {
              "AISLE_NAME": {
                "value": "<em>Cheese</em> Snacks & Lunchbox",
                "matchLevel": "full",
                "fullyHighlighted": false,
                "matchedWords": ["cheese"]
              },
              "SHELF_NAME": {
                "value": "<em>Cheese</em> Snacking",
                "matchLevel": "full",
                "fullyHighlighted": false,
                "matchedWords": ["cheese"]
              }
            }
          }
        },
        {
          "ID": "1000299625425",
          "STATUS": "A",
          "PHARMACY_RESTRICTED": false,
          "CIN": "7048097",
          "START_DATE": 1712577600.0,
          "END_DATE": 1924948800.0,
          "NAME": "Dunkers Jumbo Tubes Cheese Snacks 6 Pack Multipack 246g (6 x 41g)",
          "CS_YES": false,
          "SHOW_PRICE_CS": true,
          "SALES_TYPE": "Each",
          "IMAGE_ID": "7622201143671",
          "BRAND": "Dairylea",
          "IS_BWS": false,
          "IS_FROZEN": false,
          "IS_SPONSORED": false,
          "LABEL": "",
          "PRICES": {
            "EN": {
              "OFFER": "Dropped",
              "PRICE": 2.5,
              "WASPRICE": 3.12,
              "PRICEPERUOM": 10.1626,
              "PRICEPERUOMFORMATTED": "\u00a310.16/KG"
            }
          },
          "PRIMARY_TAXONOMY": {
            "CAT_ID": "1215660378320",
            "CAT_NAME": "Chilled Food",
            "DEPT_ID": "1215341805721",
            "DEPT_NAME": "Cheese",
            "AISLE_ID": "1215341805914",
            "AISLE_NAME": "Cheese Snacks & Lunchbox",
            "SHELF_ID": "1215341810541",
            "SHELF_NAME": "Cheese Strips & Dunkers"
          },
          "IS_FTO": false,
          "PRODUCT_TYPE": "STANDARD",
          "AVG_RATING": 4.5902,
          "RATING_COUNT": 61.0,
          "PACK_SIZE": "6X41G",
          "MAX_QTY": 10,
          "objectID": "7048097",
          "_highlightResult": {
            "ID": {
              "value": "1000299625425",
              "matchLevel": "none",
              "matchedWords": []
            },
            "CIN": {
              "value": "7048097",
              "matchLevel": "none",
              "matchedWords": []
            },
            "NAME": {
              "value": "Dunkers Jumbo Tubes <em>Cheese</em> Snacks 6 Pack Multipack 246g (6 x 41g)",
              "matchLevel": "full",
              "fullyHighlighted": false,
              "matchedWords": ["cheese"]
            },
            "KEYWORDS": {
              "value": "snacks,kids snacks,packed lunch,<em>cheese</em> snacks,snacking,lunchbox snacks",
              "matchLevel": "full",
              "fullyHighlighted": false,
              "matchedWords": ["cheese"]
            },
            "BRAND": {
              "value": "Dairylea",
              "matchLevel": "none",
              "matchedWords": []
            },
            "PRIMARY_TAXONOMY": {
              "AISLE_NAME": {
                "value": "<em>Cheese</em> Snacks & Lunchbox",
                "matchLevel": "full",
                "fullyHighlighted": false,
                "matchedWords": ["cheese"]
              },
              "SHELF_NAME": {
                "value": "<em>Cheese</em> Strips & Dunkers",
                "matchLevel": "full",
                "fullyHighlighted": false,
                "matchedWords": ["cheese"]
              }
            }
          }
        },
        {
          "ID": "910001331807",
          "STATUS": "A",
          "PHARMACY_RESTRICTED": false,
          "CIN": "4642107",
          "START_DATE": -2208945600.0,
          "END_DATE": 1924948800.0,
          "NAME": "Grated Mature British Cheddar 250g",
          "CS_YES": false,
          "SHOW_PRICE_CS": true,
          "SALES_TYPE": "Each",
          "IMAGE_ID": "5054070275603",
          "BRAND": "ASDA",
          "IS_BWS": false,
          "IS_FROZEN": false,
          "IS_SPONSORED": false,
          "LABEL": "",
          "PRICES": {
            "EN": {
              "OFFER": "List",
              "PRICE": 2.54,
              "PRICEPERUOM": 10.16,
              "PRICEPERUOMFORMATTED": "\u00a310.16/KG"
            }
          },
          "PRIMARY_TAXONOMY": {
            "CAT_ID": "1215660378320",
            "CAT_NAME": "Chilled Food",
            "DEPT_ID": "1215341805721",
            "DEPT_NAME": "Cheese",
            "AISLE_ID": "1215341805765",
            "AISLE_NAME": "Cheddar & Regional Cheese",
            "SHELF_ID": "1215626750653",
            "SHELF_NAME": "Grated & Sliced Cheese"
          },
          "IS_FTO": false,
          "PRODUCT_TYPE": "STANDARD",
          "AVG_RATING": 4.401,
          "RATING_COUNT": 192.0,
          "PROMOS": {
            "EN": [
              {
                "ID": "10000761871",
                "NAME": "Any 2 for \u00a34.50",
                "END_DATE": 1769126399.0,
                "START_DATE": 1767139200.0,
                "TYPE": 15
              }
            ]
          },
          "ICONS": [
            {
              "ID": "51000002",
              "ICON_NAME": "801_NoShellfish",
              "CLICKABLE": false,
              "IMAGE_URL": "https://ui.assets-asda.com/dm/_000_Icon?&$Icon-wapp$",
              "START_DATE": 1551700800,
              "END_DATE": 1551873600,
              "PRIORITY": 10440.0
            },
            {
              "ID": "55200006",
              "ICON_NAME": "_008_RedTractorAUTO",
              "CLICKABLE": true,
              "IMAGE_URL": "https://ui.assets-asda.com/dm/_008_redtractor?&$icon-wapp$",
              "START_DATE": 1609329600,
              "END_DATE": 1682510400,
              "PRIORITY": 5354.0
            },
            {
              "ID": "1215429129918",
              "ICON_NAME": "_043_British",
              "CLICKABLE": true,
              "IMAGE_URL": "https://ui.assets-asda.com/dm/_043_british?",
              "END_DATE": 1682510400,
              "PRIORITY": 5435.0
            },
            {
              "ID": "1215559958453",
              "ICON_NAME": "_122_farmerowned",
              "CLICKABLE": true,
              "IMAGE_URL": "https://ui.assets-asda.com/dm/_122_farmerowned?",
              "END_DATE": 1682510400,
              "PRIORITY": 1562.0
            }
          ],
          "PACK_SIZE": "250G",
          "MAX_QTY": 10,
          "objectID": "4642107",
          "_highlightResult": {
            "ID": {
              "value": "910001331807",
              "matchLevel": "none",
              "matchedWords": []
            },
            "CIN": {
              "value": "4642107",
              "matchLevel": "none",
              "matchedWords": []
            },
            "NAME": {
              "value": "Grated Mature British Cheddar 250g",
              "matchLevel": "none",
              "matchedWords": []
            },
            "BRAND": {
              "value": "ASDA",
              "matchLevel": "none",
              "matchedWords": []
            },
            "PRIMARY_TAXONOMY": {
              "AISLE_NAME": {
                "value": "Cheddar & Regional <em>Cheese</em>",
                "matchLevel": "full",
                "fullyHighlighted": false,
                "matchedWords": ["cheese"]
              },
              "SHELF_NAME": {
                "value": "Grated & Sliced <em>Cheese</em>",
                "matchLevel": "full",
                "fullyHighlighted": false,
                "matchedWords": ["cheese"]
              }
            },
            "LIFESTYLES": [
              {
                "value": "Suitable for Vegetarians",
                "matchLevel": "none",
                "matchedWords": []
              }
            ]
          }
        },
        {
          "ID": "1000202076134",
          "STATUS": "A",
          "PHARMACY_RESTRICTED": false,
          "CIN": "6655760",
          "START_DATE": 1583236800.0,
          "END_DATE": 1924948800.0,
          "NAME": "ASDA Cheesy Slices 10 x 20g (200g)",
          "CS_YES": false,
          "SHOW_PRICE_CS": true,
          "SALES_TYPE": "Each",
          "IMAGE_ID": "5057172226016",
          "BRAND": "ASDA",
          "IS_BWS": false,
          "IS_FROZEN": false,
          "IS_SPONSORED": false,
          "LABEL": "",
          "PRICES": {
            "EN": {
              "OFFER": "List",
              "PRICE": 1.38,
              "PRICEPERUOM": 6.9,
              "PRICEPERUOMFORMATTED": "\u00a36.90/KG"
            }
          },
          "PRIMARY_TAXONOMY": {
            "CAT_ID": "1215660378320",
            "CAT_NAME": "Chilled Food",
            "DEPT_ID": "1215341805721",
            "DEPT_NAME": "Cheese",
            "AISLE_ID": "1215341805815",
            "AISLE_NAME": "Grated & Sliced Cheese",
            "SHELF_ID": "1215341810182",
            "SHELF_NAME": "Cheese Slices"
          },
          "IS_FTO": false,
          "PRODUCT_TYPE": "STANDARD",
          "AVG_RATING": 4.0221,
          "RATING_COUNT": 181.0,
          "ICONS": [
            {
              "ID": "51000002",
              "ICON_NAME": "801_NoShellfish",
              "CLICKABLE": false,
              "IMAGE_URL": "https://ui.assets-asda.com/dm/_000_Icon?&$Icon-wapp$",
              "START_DATE": 1551700800,
              "END_DATE": 1551873600,
              "PRIORITY": 10440.0
            }
          ],
          "PACK_SIZE": "200G",
          "MAX_QTY": 10,
          "objectID": "6655760",
          "_highlightResult": {
            "ID": {
              "value": "1000202076134",
              "matchLevel": "none",
              "matchedWords": []
            },
            "CIN": {
              "value": "6655760",
              "matchLevel": "none",
              "matchedWords": []
            },
            "NAME": {
              "value": "ASDA Cheesy Slices 10 x 20g (200g)",
              "matchLevel": "none",
              "matchedWords": []
            },
            "KEYWORDS": {
              "value": "burger <em>cheese</em>",
              "matchLevel": "full",
              "fullyHighlighted": false,
              "matchedWords": ["cheese"]
            },
            "BRAND": {
              "value": "ASDA",
              "matchLevel": "none",
              "matchedWords": []
            },
            "PRIMARY_TAXONOMY": {
              "AISLE_NAME": {
                "value": "Grated & Sliced <em>Cheese</em>",
                "matchLevel": "full",
                "fullyHighlighted": false,
                "matchedWords": ["cheese"]
              },
              "SHELF_NAME": {
                "value": "<em>Cheese</em> Slices",
                "matchLevel": "full",
                "fullyHighlighted": false,
                "matchedWords": ["cheese"]
              }
            },
            "LIFESTYLES": [
              {
                "value": "Suitable for Vegetarians",
                "matchLevel": "none",
                "matchedWords": []
              }
            ]
          }
        },
        {
          "ID": "910002987750",
          "STATUS": "A",
          "PHARMACY_RESTRICTED": false,
          "CIN": "5717699",
          "START_DATE": 1487592000.0,
          "END_DATE": 1924948800.0,
          "NAME": "Extra Mature British Cheddar 750g",
          "CS_YES": false,
          "SHOW_PRICE_CS": true,
          "SALES_TYPE": "Each",
          "IMAGE_ID": "5054781337317",
          "BRAND": "ASDA",
          "IS_BWS": false,
          "IS_FROZEN": false,
          "IS_SPONSORED": false,
          "LABEL": "",
          "PRICES": {
            "EN": {
              "OFFER": "List",
              "PRICE": 4.98,
              "PRICEPERUOM": 6.64,
              "PRICEPERUOMFORMATTED": "\u00a36.64/KG"
            }
          },
          "PRIMARY_TAXONOMY": {
            "CAT_ID": "1215660378320",
            "CAT_NAME": "Chilled Food",
            "DEPT_ID": "1215341805721",
            "DEPT_NAME": "Cheese",
            "AISLE_ID": "1215341805765",
            "AISLE_NAME": "Cheddar & Regional Cheese",
            "SHELF_ID": "1215341808819",
            "SHELF_NAME": "Extra Mature & Vintage Cheese"
          },
          "IS_FTO": false,
          "PRODUCT_TYPE": "STANDARD",
          "AVG_RATING": 4.2045,
          "RATING_COUNT": 528.0,
          "ICONS": [
            {
              "ID": "51000002",
              "ICON_NAME": "801_NoShellfish",
              "CLICKABLE": false,
              "IMAGE_URL": "https://ui.assets-asda.com/dm/_000_Icon?&$Icon-wapp$",
              "START_DATE": 1551700800,
              "END_DATE": 1551873600,
              "PRIORITY": 10440.0
            },
            {
              "ID": "55200006",
              "ICON_NAME": "_008_RedTractorAUTO",
              "CLICKABLE": true,
              "IMAGE_URL": "https://ui.assets-asda.com/dm/_008_redtractor?&$icon-wapp$",
              "START_DATE": 1609329600,
              "END_DATE": 1682510400,
              "PRIORITY": 5354.0
            },
            {
              "ID": "59600445",
              "ICON_NAME": "M&S Taste Match",
              "CLICKABLE": true,
              "IMAGE_URL": "https://ui.assets-asda.com/dm/M-S-Taste-Match-Icon?",
              "START_DATE": 1695643200,
              "END_DATE": 1725019200,
              "PRIORITY": 70.0
            }
          ],
          "PACK_SIZE": "750G",
          "MAX_QTY": 10,
          "objectID": "5717699",
          "_highlightResult": {
            "ID": {
              "value": "910002987750",
              "matchLevel": "none",
              "matchedWords": []
            },
            "CIN": {
              "value": "5717699",
              "matchLevel": "none",
              "matchedWords": []
            },
            "NAME": {
              "value": "Extra Mature British Cheddar 750g",
              "matchLevel": "none",
              "matchedWords": []
            },
            "KEYWORDS": {
              "value": "M&S Taste match,taste match",
              "matchLevel": "none",
              "matchedWords": []
            },
            "BRAND": {
              "value": "ASDA",
              "matchLevel": "none",
              "matchedWords": []
            },
            "PRIMARY_TAXONOMY": {
              "AISLE_NAME": {
                "value": "Cheddar & Regional <em>Cheese</em>",
                "matchLevel": "full",
                "fullyHighlighted": false,
                "matchedWords": ["cheese"]
              },
              "SHELF_NAME": {
                "value": "Extra Mature & Vintage <em>Cheese</em>",
                "matchLevel": "full",
                "fullyHighlighted": false,
                "matchedWords": ["cheese"]
              }
            },
            "LIFESTYLES": [
              {
                "value": "Suitable for Vegetarians",
                "matchLevel": "none",
                "matchedWords": []
              }
            ]
          }
        },
        {
          "ID": "910000565181",
          "STATUS": "A",
          "PHARMACY_RESTRICTED": false,
          "CIN": "3888540",
          "START_DATE": -2208945600.0,
          "END_DATE": 1924948800.0,
          "NAME": "Minis Mature Cheddar Cheese 6X20G",
          "CS_YES": false,
          "SHOW_PRICE_CS": true,
          "SALES_TYPE": "Each",
          "IMAGE_ID": "5000295109094",
          "BRAND": "Cathedral City",
          "IS_BWS": false,
          "IS_FROZEN": false,
          "IS_SPONSORED": false,
          "LABEL": "",
          "PRICES": {
            "EN": {
              "OFFER": "Dropped",
              "PRICE": 1.78,
              "WASPRICE": 2.1,
              "PRICEPERUOM": 14.83333,
              "PRICEPERUOMFORMATTED": "\u00a314.83/KG"
            }
          },
          "PRIMARY_TAXONOMY": {
            "CAT_ID": "1215660378320",
            "CAT_NAME": "Chilled Food",
            "DEPT_ID": "1215341805721",
            "DEPT_NAME": "Cheese",
            "AISLE_ID": "1215341805914",
            "AISLE_NAME": "Cheese Snacks & Lunchbox",
            "SHELF_ID": "1215341830101",
            "SHELF_NAME": "Cheese Snacking"
          },
          "IS_FTO": false,
          "PRODUCT_TYPE": "STANDARD",
          "AVG_RATING": 4.8475,
          "RATING_COUNT": 59.0,
          "ICONS": [
            {
              "ID": "1215429129918",
              "ICON_NAME": "_043_British",
              "CLICKABLE": true,
              "IMAGE_URL": "https://ui.assets-asda.com/dm/_043_british?",
              "END_DATE": 1682510400,
              "PRIORITY": 5435.0
            }
          ],
          "PACK_SIZE": "120G",
          "MAX_QTY": 10,
          "objectID": "3888540",
          "_highlightResult": {
            "ID": {
              "value": "910000565181",
              "matchLevel": "none",
              "matchedWords": []
            },
            "CIN": {
              "value": "3888540",
              "matchLevel": "none",
              "matchedWords": []
            },
            "NAME": {
              "value": "Minis Mature Cheddar <em>Cheese</em> 6X20G",
              "matchLevel": "full",
              "fullyHighlighted": false,
              "matchedWords": ["cheese"]
            },
            "BRAND": {
              "value": "Cathedral City",
              "matchLevel": "none",
              "matchedWords": []
            },
            "PRIMARY_TAXONOMY": {
              "AISLE_NAME": {
                "value": "<em>Cheese</em> Snacks & Lunchbox",
                "matchLevel": "full",
                "fullyHighlighted": false,
                "matchedWords": ["cheese"]
              },
              "SHELF_NAME": {
                "value": "<em>Cheese</em> Snacking",
                "matchLevel": "full",
                "fullyHighlighted": false,
                "matchedWords": ["cheese"]
              }
            },
            "LIFESTYLES": [
              {
                "value": "Suitable for Vegetarians",
                "matchLevel": "none",
                "matchedWords": []
              }
            ]
          }
        },
        {
          "ID": "1000094333993",
          "STATUS": "A",
          "PHARMACY_RESTRICTED": false,
          "CIN": "6300083",
          "START_DATE": 1704196800.0,
          "END_DATE": 1924948800.0,
          "NAME": "Mild White Cheddar 825g",
          "CS_YES": false,
          "SHOW_PRICE_CS": true,
          "SALES_TYPE": "Each",
          "IMAGE_ID": "5057172016068",
          "BRAND": "JUST ESSENTIALS by ASDA",
          "IS_BWS": false,
          "IS_FROZEN": false,
          "IS_SPONSORED": false,
          "LABEL": "",
          "PRICES": {
            "EN": {
              "OFFER": "List",
              "PRICE": 4.57,
              "PRICEPERUOM": 5.53939,
              "PRICEPERUOMFORMATTED": "\u00a35.54/KG"
            }
          },
          "PRIMARY_TAXONOMY": {
            "CAT_ID": "1215660378320",
            "CAT_NAME": "Chilled Food",
            "DEPT_ID": "1215341805721",
            "DEPT_NAME": "Cheese",
            "AISLE_ID": "1215341805765",
            "AISLE_NAME": "Cheddar & Regional Cheese",
            "SHELF_ID": "1215341808640",
            "SHELF_NAME": "Mild & Medium Cheese"
          },
          "IS_FTO": false,
          "PRODUCT_TYPE": "STANDARD",
          "AVG_RATING": 4.1887,
          "RATING_COUNT": 53.0,
          "ICONS": [
            {
              "ID": "51000002",
              "ICON_NAME": "801_NoShellfish",
              "CLICKABLE": false,
              "IMAGE_URL": "https://ui.assets-asda.com/dm/_000_Icon?&$Icon-wapp$",
              "START_DATE": 1551700800,
              "END_DATE": 1551873600,
              "PRIORITY": 10440.0
            },
            {
              "ID": "55200006",
              "ICON_NAME": "_008_RedTractorAUTO",
              "CLICKABLE": true,
              "IMAGE_URL": "https://ui.assets-asda.com/dm/_008_redtractor?&$icon-wapp$",
              "START_DATE": 1609329600,
              "END_DATE": 1682510400,
              "PRIORITY": 5354.0
            }
          ],
          "PACK_SIZE": "825G",
          "MAX_QTY": 10,
          "objectID": "6300083",
          "_highlightResult": {
            "ID": {
              "value": "1000094333993",
              "matchLevel": "none",
              "matchedWords": []
            },
            "CIN": {
              "value": "6300083",
              "matchLevel": "none",
              "matchedWords": []
            },
            "NAME": {
              "value": "Mild White Cheddar 825g",
              "matchLevel": "none",
              "matchedWords": []
            },
            "BRAND": {
              "value": "JUST ESSENTIALS by ASDA",
              "matchLevel": "none",
              "matchedWords": []
            },
            "PRIMARY_TAXONOMY": {
              "AISLE_NAME": {
                "value": "Cheddar & Regional <em>Cheese</em>",
                "matchLevel": "full",
                "fullyHighlighted": false,
                "matchedWords": ["cheese"]
              },
              "SHELF_NAME": {
                "value": "Mild & Medium <em>Cheese</em>",
                "matchLevel": "full",
                "fullyHighlighted": false,
                "matchedWords": ["cheese"]
              }
            },
            "LIFESTYLES": [
              {
                "value": "Suitable for Vegetarians",
                "matchLevel": "none",
                "matchedWords": []
              }
            ]
          }
        },
        {
          "ID": "910001331193",
          "STATUS": "A",
          "PHARMACY_RESTRICTED": false,
          "CIN": "4642111",
          "START_DATE": -2208945600.0,
          "END_DATE": 1924948800.0,
          "NAME": "Grated Red Leicester British Cheese 250g",
          "CS_YES": false,
          "SHOW_PRICE_CS": true,
          "SALES_TYPE": "Each",
          "IMAGE_ID": "5054070275627",
          "BRAND": "ASDA",
          "IS_BWS": false,
          "IS_FROZEN": false,
          "IS_SPONSORED": false,
          "LABEL": "",
          "PRICES": {
            "EN": {
              "OFFER": "List",
              "PRICE": 2.54,
              "PRICEPERUOM": 10.16,
              "PRICEPERUOMFORMATTED": "\u00a310.16/KG"
            }
          },
          "PRIMARY_TAXONOMY": {
            "CAT_ID": "1215660378320",
            "CAT_NAME": "Chilled Food",
            "DEPT_ID": "1215341805721",
            "DEPT_NAME": "Cheese",
            "AISLE_ID": "1215341805765",
            "AISLE_NAME": "Cheddar & Regional Cheese",
            "SHELF_ID": "1215626750653",
            "SHELF_NAME": "Grated & Sliced Cheese"
          },
          "IS_FTO": false,
          "PRODUCT_TYPE": "STANDARD",
          "AVG_RATING": 4.2927,
          "RATING_COUNT": 82.0,
          "PROMOS": {
            "EN": [
              {
                "ID": "10000761871",
                "NAME": "Any 2 for \u00a34.50",
                "END_DATE": 1769126399.0,
                "START_DATE": 1767139200.0,
                "TYPE": 15
              }
            ]
          },
          "ICONS": [
            {
              "ID": "51000002",
              "ICON_NAME": "801_NoShellfish",
              "CLICKABLE": false,
              "IMAGE_URL": "https://ui.assets-asda.com/dm/_000_Icon?&$Icon-wapp$",
              "START_DATE": 1551700800,
              "END_DATE": 1551873600,
              "PRIORITY": 10440.0
            },
            {
              "ID": "55200006",
              "ICON_NAME": "_008_RedTractorAUTO",
              "CLICKABLE": true,
              "IMAGE_URL": "https://ui.assets-asda.com/dm/_008_redtractor?&$icon-wapp$",
              "START_DATE": 1609329600,
              "END_DATE": 1682510400,
              "PRIORITY": 5354.0
            },
            {
              "ID": "1215429129918",
              "ICON_NAME": "_043_British",
              "CLICKABLE": true,
              "IMAGE_URL": "https://ui.assets-asda.com/dm/_043_british?",
              "END_DATE": 1682510400,
              "PRIORITY": 5435.0
            },
            {
              "ID": "1215559958453",
              "ICON_NAME": "_122_farmerowned",
              "CLICKABLE": true,
              "IMAGE_URL": "https://ui.assets-asda.com/dm/_122_farmerowned?",
              "END_DATE": 1682510400,
              "PRIORITY": 1562.0
            }
          ],
          "PACK_SIZE": "250G",
          "MAX_QTY": 10,
          "objectID": "4642111",
          "_highlightResult": {
            "ID": {
              "value": "910001331193",
              "matchLevel": "none",
              "matchedWords": []
            },
            "CIN": {
              "value": "4642111",
              "matchLevel": "none",
              "matchedWords": []
            },
            "NAME": {
              "value": "Grated Red Leicester British <em>Cheese</em> 250g",
              "matchLevel": "full",
              "fullyHighlighted": false,
              "matchedWords": ["cheese"]
            },
            "BRAND": {
              "value": "ASDA",
              "matchLevel": "none",
              "matchedWords": []
            },
            "PRIMARY_TAXONOMY": {
              "AISLE_NAME": {
                "value": "Cheddar & Regional <em>Cheese</em>",
                "matchLevel": "full",
                "fullyHighlighted": false,
                "matchedWords": ["cheese"]
              },
              "SHELF_NAME": {
                "value": "Grated & Sliced <em>Cheese</em>",
                "matchLevel": "full",
                "fullyHighlighted": false,
                "matchedWords": ["cheese"]
              }
            },
            "LIFESTYLES": [
              {
                "value": "Suitable for Vegetarians",
                "matchLevel": "none",
                "matchedWords": []
              }
            ]
          }
        },
        {
          "ID": "1000383137280",
          "STATUS": "A",
          "PHARMACY_RESTRICTED": false,
          "CIN": "7484821",
          "START_DATE": 1672747200.0,
          "END_DATE": 1924948800.0,
          "NAME": "Lighter Extra Mature Cheddar Cheese 350g",
          "CS_YES": false,
          "SHOW_PRICE_CS": true,
          "SALES_TYPE": "Each",
          "IMAGE_ID": "5000295157224",
          "BRAND": "Cathedral City",
          "IS_BWS": false,
          "IS_FROZEN": false,
          "IS_SPONSORED": false,
          "LABEL": "",
          "PRICES": {
            "EN": {
              "OFFER": "List",
              "PRICE": 3.0,
              "PRICEPERUOM": 8.57143,
              "PRICEPERUOMFORMATTED": "\u00a38.57/KG"
            }
          },
          "PRIMARY_TAXONOMY": {
            "CAT_ID": "1215660378320",
            "CAT_NAME": "Chilled Food",
            "DEPT_ID": "1215341805721",
            "DEPT_NAME": "Cheese",
            "AISLE_ID": "1215341805765",
            "AISLE_NAME": "Cheddar & Regional Cheese",
            "SHELF_ID": "1215341808640",
            "SHELF_NAME": "Mild & Medium Cheese"
          },
          "IS_FTO": false,
          "PRODUCT_TYPE": "STANDARD",
          "AVG_RATING": 4.5714,
          "RATING_COUNT": 21.0,
          "ICONS": [
            {
              "ID": "55000003",
              "ICON_NAME": "_151_UnionFlag",
              "CLICKABLE": false,
              "IMAGE_URL": "https://ui.assets-asda.comtest.jpg",
              "START_DATE": 1594728000,
              "END_DATE": 1600171200,
              "PRIORITY": 10427.0
            },
            {
              "ID": "55200006",
              "ICON_NAME": "_008_RedTractorAUTO",
              "CLICKABLE": true,
              "IMAGE_URL": "https://ui.assets-asda.com/dm/_008_redtractor?&$icon-wapp$",
              "START_DATE": 1609329600,
              "END_DATE": 1682510400,
              "PRIORITY": 5354.0
            }
          ],
          "PACK_SIZE": "350G",
          "MAX_QTY": 10,
          "objectID": "7484821",
          "_highlightResult": {
            "ID": {
              "value": "1000383137280",
              "matchLevel": "none",
              "matchedWords": []
            },
            "CIN": {
              "value": "7484821",
              "matchLevel": "none",
              "matchedWords": []
            },
            "NAME": {
              "value": "Lighter Extra Mature Cheddar <em>Cheese</em> 350g",
              "matchLevel": "full",
              "fullyHighlighted": false,
              "matchedWords": ["cheese"]
            },
            "KEYWORDS": {
              "value": "low fat <em>cheese</em>",
              "matchLevel": "full",
              "fullyHighlighted": false,
              "matchedWords": ["cheese"]
            },
            "BRAND": {
              "value": "Cathedral City",
              "matchLevel": "none",
              "matchedWords": []
            },
            "PRIMARY_TAXONOMY": {
              "AISLE_NAME": {
                "value": "Cheddar & Regional <em>Cheese</em>",
                "matchLevel": "full",
                "fullyHighlighted": false,
                "matchedWords": ["cheese"]
              },
              "SHELF_NAME": {
                "value": "Mild & Medium <em>Cheese</em>",
                "matchLevel": "full",
                "fullyHighlighted": false,
                "matchedWords": ["cheese"]
              }
            },
            "LIFESTYLES": [
              {
                "value": "Suitable for Vegetarians",
                "matchLevel": "none",
                "matchedWords": []
              }
            ]
          }
        },
        {
          "ID": "1000131239627",
          "STATUS": "A",
          "PHARMACY_RESTRICTED": false,
          "CIN": "6413986",
          "START_DATE": 1558008000.0,
          "END_DATE": 1924948800.0,
          "NAME": "Cheese Spread 145g",
          "CS_YES": false,
          "SHOW_PRICE_CS": true,
          "SALES_TYPE": "Each",
          "IMAGE_ID": "7622210318947",
          "BRAND": "Dairylea",
          "IS_BWS": false,
          "IS_FROZEN": false,
          "IS_SPONSORED": false,
          "LABEL": "",
          "PRICES": {
            "EN": {
              "OFFER": "Dropped",
              "PRICE": 1.42,
              "WASPRICE": 1.75,
              "PRICEPERUOM": 9.7931,
              "PRICEPERUOMFORMATTED": "\u00a39.79/KG"
            }
          },
          "PRIMARY_TAXONOMY": {
            "CAT_ID": "1215660378320",
            "CAT_NAME": "Chilled Food",
            "DEPT_ID": "1215341805721",
            "DEPT_NAME": "Cheese",
            "AISLE_ID": "1215341805865",
            "AISLE_NAME": "Soft & Cottage Cheese",
            "SHELF_ID": "1215341810422",
            "SHELF_NAME": "Cheese Spreads"
          },
          "IS_FTO": false,
          "PRODUCT_TYPE": "STANDARD",
          "AVG_RATING": 4.7361,
          "RATING_COUNT": 144.0,
          "PACK_SIZE": "145G",
          "MAX_QTY": 10,
          "objectID": "6413986",
          "_highlightResult": {
            "ID": {
              "value": "1000131239627",
              "matchLevel": "none",
              "matchedWords": []
            },
            "CIN": {
              "value": "6413986",
              "matchLevel": "none",
              "matchedWords": []
            },
            "NAME": {
              "value": "<em>Cheese</em> Spread 145g",
              "matchLevel": "full",
              "fullyHighlighted": false,
              "matchedWords": ["cheese"]
            },
            "KEYWORDS": {
              "value": "lunch box,lunchbox,lunch bag",
              "matchLevel": "none",
              "matchedWords": []
            },
            "BRAND": {
              "value": "Dairylea",
              "matchLevel": "none",
              "matchedWords": []
            },
            "PRIMARY_TAXONOMY": {
              "AISLE_NAME": {
                "value": "Soft & Cottage <em>Cheese</em>",
                "matchLevel": "full",
                "fullyHighlighted": false,
                "matchedWords": ["cheese"]
              },
              "SHELF_NAME": {
                "value": "<em>Cheese</em> Spreads",
                "matchLevel": "full",
                "fullyHighlighted": false,
                "matchedWords": ["cheese"]
              }
            }
          }
        },
        {
          "ID": "1000154478464",
          "STATUS": "A",
          "PHARMACY_RESTRICTED": false,
          "CIN": "6493003",
          "START_DATE": 1565697600.0,
          "END_DATE": 1924948800.0,
          "NAME": "British Double Gloucester with Onion & Chives 200g",
          "CS_YES": false,
          "SHOW_PRICE_CS": true,
          "SALES_TYPE": "Each",
          "IMAGE_ID": "5057172205905",
          "BRAND": "ASDA",
          "IS_BWS": false,
          "IS_FROZEN": false,
          "IS_SPONSORED": false,
          "LABEL": "",
          "PRICES": {
            "EN": {
              "OFFER": "List",
              "PRICE": 2.32,
              "PRICEPERUOM": 11.6,
              "PRICEPERUOMFORMATTED": "\u00a311.60/KG"
            }
          },
          "PRIMARY_TAXONOMY": {
            "CAT_ID": "1215660378320",
            "CAT_NAME": "Chilled Food",
            "DEPT_ID": "1215341805721",
            "DEPT_NAME": "Cheese",
            "AISLE_ID": "1215341805765",
            "AISLE_NAME": "Cheddar & Regional Cheese",
            "SHELF_ID": "1215341808998",
            "SHELF_NAME": "Red Leicester & Gloucester"
          },
          "IS_FTO": false,
          "PRODUCT_TYPE": "STANDARD",
          "AVG_RATING": 4.7119,
          "RATING_COUNT": 59.0,
          "ICONS": [
            {
              "ID": "51000002",
              "ICON_NAME": "801_NoShellfish",
              "CLICKABLE": false,
              "IMAGE_URL": "https://ui.assets-asda.com/dm/_000_Icon?&$Icon-wapp$",
              "START_DATE": 1551700800,
              "END_DATE": 1551873600,
              "PRIORITY": 10440.0
            },
            {
              "ID": "55200006",
              "ICON_NAME": "_008_RedTractorAUTO",
              "CLICKABLE": true,
              "IMAGE_URL": "https://ui.assets-asda.com/dm/_008_redtractor?&$icon-wapp$",
              "START_DATE": 1609329600,
              "END_DATE": 1682510400,
              "PRIORITY": 5354.0
            },
            {
              "ID": "1215429129918",
              "ICON_NAME": "_043_British",
              "CLICKABLE": true,
              "IMAGE_URL": "https://ui.assets-asda.com/dm/_043_british?",
              "END_DATE": 1682510400,
              "PRIORITY": 5435.0
            }
          ],
          "PACK_SIZE": "200G",
          "MAX_QTY": 10,
          "objectID": "6493003",
          "_highlightResult": {
            "ID": {
              "value": "1000154478464",
              "matchLevel": "none",
              "matchedWords": []
            },
            "CIN": {
              "value": "6493003",
              "matchLevel": "none",
              "matchedWords": []
            },
            "NAME": {
              "value": "British Double Gloucester with Onion & Chives 200g",
              "matchLevel": "none",
              "matchedWords": []
            },
            "KEYWORDS": {
              "value": "christmas <em>cheese</em>,xmas <em>cheese</em>",
              "matchLevel": "full",
              "fullyHighlighted": false,
              "matchedWords": ["cheese"]
            },
            "BRAND": {
              "value": "ASDA",
              "matchLevel": "none",
              "matchedWords": []
            },
            "PRIMARY_TAXONOMY": {
              "AISLE_NAME": {
                "value": "Cheddar & Regional <em>Cheese</em>",
                "matchLevel": "full",
                "fullyHighlighted": false,
                "matchedWords": ["cheese"]
              },
              "SHELF_NAME": {
                "value": "Red Leicester & Gloucester",
                "matchLevel": "none",
                "matchedWords": []
              }
            },
            "LIFESTYLES": [
              {
                "value": "Suitable for Vegetarians",
                "matchLevel": "none",
                "matchedWords": []
              }
            ]
          }
        },
        {
          "ID": "1000383142828",
          "STATUS": "A",
          "PHARMACY_RESTRICTED": false,
          "CIN": "7497567",
          "START_DATE": 1677499200.0,
          "END_DATE": 1924948800.0,
          "NAME": "British Mature Cheddar 250g",
          "CS_YES": false,
          "SHOW_PRICE_CS": true,
          "SALES_TYPE": "Each",
          "IMAGE_ID": "5063089019696",
          "BRAND": "ASDA",
          "IS_BWS": false,
          "IS_FROZEN": false,
          "IS_SPONSORED": false,
          "LABEL": "",
          "PRICES": {
            "EN": {
              "OFFER": "List",
              "PRICE": 2.82,
              "PRICEPERUOM": 11.28,
              "PRICEPERUOMFORMATTED": "\u00a311.28/KG"
            }
          },
          "PRIMARY_TAXONOMY": {
            "CAT_ID": "1215660378320",
            "CAT_NAME": "Chilled Food",
            "DEPT_ID": "1215341805721",
            "DEPT_NAME": "Cheese",
            "AISLE_ID": "1215341805765",
            "AISLE_NAME": "Cheddar & Regional Cheese",
            "SHELF_ID": "1215341808760",
            "SHELF_NAME": "Mature Cheese"
          },
          "IS_FTO": false,
          "PRODUCT_TYPE": "STANDARD",
          "AVG_RATING": 4.4444,
          "RATING_COUNT": 54.0,
          "ICONS": [
            {
              "ID": "51000002",
              "ICON_NAME": "801_NoShellfish",
              "CLICKABLE": false,
              "IMAGE_URL": "https://ui.assets-asda.com/dm/_000_Icon?&$Icon-wapp$",
              "START_DATE": 1551700800,
              "END_DATE": 1551873600,
              "PRIORITY": 10440.0
            },
            {
              "ID": "55200006",
              "ICON_NAME": "_008_RedTractorAUTO",
              "CLICKABLE": true,
              "IMAGE_URL": "https://ui.assets-asda.com/dm/_008_redtractor?&$icon-wapp$",
              "START_DATE": 1609329600,
              "END_DATE": 1682510400,
              "PRIORITY": 5354.0
            }
          ],
          "PACK_SIZE": "250G",
          "MAX_QTY": 10,
          "objectID": "7497567",
          "_highlightResult": {
            "ID": {
              "value": "1000383142828",
              "matchLevel": "none",
              "matchedWords": []
            },
            "CIN": {
              "value": "7497567",
              "matchLevel": "none",
              "matchedWords": []
            },
            "NAME": {
              "value": "British Mature Cheddar 250g",
              "matchLevel": "none",
              "matchedWords": []
            },
            "BRAND": {
              "value": "ASDA",
              "matchLevel": "none",
              "matchedWords": []
            },
            "PRIMARY_TAXONOMY": {
              "AISLE_NAME": {
                "value": "Cheddar & Regional <em>Cheese</em>",
                "matchLevel": "full",
                "fullyHighlighted": false,
                "matchedWords": ["cheese"]
              },
              "SHELF_NAME": {
                "value": "Mature <em>Cheese</em>",
                "matchLevel": "full",
                "fullyHighlighted": false,
                "matchedWords": ["cheese"]
              }
            },
            "LIFESTYLES": [
              {
                "value": "Suitable for Vegetarians",
                "matchLevel": "none",
                "matchedWords": []
              }
            ]
          }
        },
        {
          "ID": "13307594",
          "STATUS": "A",
          "PHARMACY_RESTRICTED": false,
          "CIN": "1773087",
          "START_DATE": -2208945600.0,
          "END_DATE": 1924948800.0,
          "NAME": "BOURSIN Garlic & Herbs Soft French Cream Cheese 150g",
          "CS_YES": false,
          "SHOW_PRICE_CS": true,
          "SALES_TYPE": "Each",
          "IMAGE_ID": "3175460000017",
          "BRAND": "Boursin",
          "IS_BWS": false,
          "IS_FROZEN": false,
          "IS_SPONSORED": false,
          "LABEL": "",
          "PRICES": {
            "EN": {
              "OFFER": "List",
              "PRICE": 2.94,
              "PRICEPERUOM": 19.6,
              "PRICEPERUOMFORMATTED": "\u00a319.60/KG"
            }
          },
          "PRIMARY_TAXONOMY": {
            "CAT_ID": "1215660378320",
            "CAT_NAME": "Chilled Food",
            "DEPT_ID": "1215341805721",
            "DEPT_NAME": "Cheese",
            "AISLE_ID": "1215341805865",
            "AISLE_NAME": "Soft & Cottage Cheese",
            "SHELF_ID": "1215341810422",
            "SHELF_NAME": "Cheese Spreads"
          },
          "IS_FTO": false,
          "PRODUCT_TYPE": "STANDARD",
          "AVG_RATING": 4.7033,
          "RATING_COUNT": 182.0,
          "ICONS": [
            {
              "ID": "51000002",
              "ICON_NAME": "801_NoShellfish",
              "CLICKABLE": false,
              "IMAGE_URL": "https://ui.assets-asda.com/dm/_000_Icon?&$Icon-wapp$",
              "START_DATE": 1551700800,
              "END_DATE": 1551873600,
              "PRIORITY": 10440.0
            }
          ],
          "PACK_SIZE": "150G",
          "MAX_QTY": 10,
          "objectID": "1773087",
          "_highlightResult": {
            "ID": {
              "value": "13307594",
              "matchLevel": "none",
              "matchedWords": []
            },
            "CIN": {
              "value": "1773087",
              "matchLevel": "none",
              "matchedWords": []
            },
            "NAME": {
              "value": "BOURSIN Garlic & Herbs Soft French Cream <em>Cheese</em> 150g",
              "matchLevel": "full",
              "fullyHighlighted": false,
              "matchedWords": ["cheese"]
            },
            "KEYWORDS": {
              "value": "<em>cheese</em>board,soft <em>cheese</em>,<em>cheese</em>board,french <em>cheese</em>,soft french <em>cheese</em>,intense <em>cheese</em>,christmas <em>cheese</em>,cooking <em>cheese</em>,cream <em>cheese</em>,garlic <em>cheese</em>,<em>cheese</em> spread,continental <em>cheese</em>,<em>cheese</em> board",
              "matchLevel": "full",
              "fullyHighlighted": false,
              "matchedWords": ["cheese"]
            },
            "BRAND": {
              "value": "Boursin",
              "matchLevel": "none",
              "matchedWords": []
            },
            "PRIMARY_TAXONOMY": {
              "AISLE_NAME": {
                "value": "Soft & Cottage <em>Cheese</em>",
                "matchLevel": "full",
                "fullyHighlighted": false,
                "matchedWords": ["cheese"]
              },
              "SHELF_NAME": {
                "value": "<em>Cheese</em> Spreads",
                "matchLevel": "full",
                "fullyHighlighted": false,
                "matchedWords": ["cheese"]
              }
            }
          }
        },
        {
          "ID": "910001331711",
          "STATUS": "A",
          "PHARMACY_RESTRICTED": false,
          "CIN": "4642101",
          "START_DATE": 1397131200.0,
          "END_DATE": 1924948800.0,
          "NAME": "Grated Mild British Cheddar 250g",
          "CS_YES": false,
          "SHOW_PRICE_CS": true,
          "SALES_TYPE": "Each",
          "IMAGE_ID": "5054070243879",
          "BRAND": "ASDA",
          "IS_BWS": false,
          "IS_FROZEN": false,
          "IS_SPONSORED": false,
          "LABEL": "",
          "PRICES": {
            "EN": {
              "OFFER": "List",
              "PRICE": 2.54,
              "PRICEPERUOM": 10.16,
              "PRICEPERUOMFORMATTED": "\u00a310.16/KG"
            }
          },
          "PRIMARY_TAXONOMY": {
            "CAT_ID": "1215660378320",
            "CAT_NAME": "Chilled Food",
            "DEPT_ID": "1215341805721",
            "DEPT_NAME": "Cheese",
            "AISLE_ID": "1215341805765",
            "AISLE_NAME": "Cheddar & Regional Cheese",
            "SHELF_ID": "1215626750653",
            "SHELF_NAME": "Grated & Sliced Cheese"
          },
          "IS_FTO": false,
          "PRODUCT_TYPE": "STANDARD",
          "AVG_RATING": 4.1935,
          "RATING_COUNT": 62.0,
          "PROMOS": {
            "EN": [
              {
                "ID": "10000761871",
                "NAME": "Any 2 for \u00a34.50",
                "END_DATE": 1769126399.0,
                "START_DATE": 1767139200.0,
                "TYPE": 15
              }
            ]
          },
          "ICONS": [
            {
              "ID": "51000002",
              "ICON_NAME": "801_NoShellfish",
              "CLICKABLE": false,
              "IMAGE_URL": "https://ui.assets-asda.com/dm/_000_Icon?&$Icon-wapp$",
              "START_DATE": 1551700800,
              "END_DATE": 1551873600,
              "PRIORITY": 10440.0
            },
            {
              "ID": "55200006",
              "ICON_NAME": "_008_RedTractorAUTO",
              "CLICKABLE": true,
              "IMAGE_URL": "https://ui.assets-asda.com/dm/_008_redtractor?&$icon-wapp$",
              "START_DATE": 1609329600,
              "END_DATE": 1682510400,
              "PRIORITY": 5354.0
            },
            {
              "ID": "1215429129918",
              "ICON_NAME": "_043_British",
              "CLICKABLE": true,
              "IMAGE_URL": "https://ui.assets-asda.com/dm/_043_british?",
              "END_DATE": 1682510400,
              "PRIORITY": 5435.0
            },
            {
              "ID": "1215559958453",
              "ICON_NAME": "_122_farmerowned",
              "CLICKABLE": true,
              "IMAGE_URL": "https://ui.assets-asda.com/dm/_122_farmerowned?",
              "END_DATE": 1682510400,
              "PRIORITY": 1562.0
            }
          ],
          "PACK_SIZE": "250G",
          "MAX_QTY": 10,
          "objectID": "4642101",
          "_highlightResult": {
            "ID": {
              "value": "910001331711",
              "matchLevel": "none",
              "matchedWords": []
            },
            "CIN": {
              "value": "4642101",
              "matchLevel": "none",
              "matchedWords": []
            },
            "NAME": {
              "value": "Grated Mild British Cheddar 250g",
              "matchLevel": "none",
              "matchedWords": []
            },
            "BRAND": {
              "value": "ASDA",
              "matchLevel": "none",
              "matchedWords": []
            },
            "PRIMARY_TAXONOMY": {
              "AISLE_NAME": {
                "value": "Cheddar & Regional <em>Cheese</em>",
                "matchLevel": "full",
                "fullyHighlighted": false,
                "matchedWords": ["cheese"]
              },
              "SHELF_NAME": {
                "value": "Grated & Sliced <em>Cheese</em>",
                "matchLevel": "full",
                "fullyHighlighted": false,
                "matchedWords": ["cheese"]
              }
            },
            "LIFESTYLES": [
              {
                "value": "Suitable for Vegetarians",
                "matchLevel": "none",
                "matchedWords": []
              }
            ]
          }
        },
        {
          "ID": "910001256396",
          "STATUS": "A",
          "PHARMACY_RESTRICTED": false,
          "CIN": "4545237",
          "START_DATE": -2208945600.0,
          "END_DATE": 1924948800.0,
          "NAME": "British 10 Mild Cheddar Slices 250g",
          "CS_YES": false,
          "SHOW_PRICE_CS": true,
          "SALES_TYPE": "Each",
          "IMAGE_ID": "5054070150375",
          "BRAND": "ASDA",
          "IS_BWS": false,
          "IS_FROZEN": false,
          "IS_SPONSORED": false,
          "LABEL": "",
          "PRICES": {
            "EN": {
              "OFFER": "List",
              "PRICE": 2.54,
              "PRICEPERUOM": 10.16,
              "PRICEPERUOMFORMATTED": "\u00a310.16/KG"
            }
          },
          "PRIMARY_TAXONOMY": {
            "CAT_ID": "1215660378320",
            "CAT_NAME": "Chilled Food",
            "DEPT_ID": "1215341805721",
            "DEPT_NAME": "Cheese",
            "AISLE_ID": "1215341805765",
            "AISLE_NAME": "Cheddar & Regional Cheese",
            "SHELF_ID": "1215626750653",
            "SHELF_NAME": "Grated & Sliced Cheese"
          },
          "IS_FTO": false,
          "PRODUCT_TYPE": "STANDARD",
          "AVG_RATING": 4.4789,
          "RATING_COUNT": 71.0,
          "PROMOS": {
            "EN": [
              {
                "ID": "10000761871",
                "NAME": "Any 2 for \u00a34.50",
                "END_DATE": 1769126399.0,
                "START_DATE": 1767139200.0,
                "TYPE": 15
              }
            ]
          },
          "ICONS": [
            {
              "ID": "51000002",
              "ICON_NAME": "801_NoShellfish",
              "CLICKABLE": false,
              "IMAGE_URL": "https://ui.assets-asda.com/dm/_000_Icon?&$Icon-wapp$",
              "START_DATE": 1551700800,
              "END_DATE": 1551873600,
              "PRIORITY": 10440.0
            },
            {
              "ID": "55200006",
              "ICON_NAME": "_008_RedTractorAUTO",
              "CLICKABLE": true,
              "IMAGE_URL": "https://ui.assets-asda.com/dm/_008_redtractor?&$icon-wapp$",
              "START_DATE": 1609329600,
              "END_DATE": 1682510400,
              "PRIORITY": 5354.0
            },
            {
              "ID": "59600445",
              "ICON_NAME": "M&S Taste Match",
              "CLICKABLE": true,
              "IMAGE_URL": "https://ui.assets-asda.com/dm/M-S-Taste-Match-Icon?",
              "START_DATE": 1695643200,
              "END_DATE": 1725019200,
              "PRIORITY": 70.0
            },
            {
              "ID": "1215429129918",
              "ICON_NAME": "_043_British",
              "CLICKABLE": true,
              "IMAGE_URL": "https://ui.assets-asda.com/dm/_043_british?",
              "END_DATE": 1682510400,
              "PRIORITY": 5435.0
            },
            {
              "ID": "1215559958453",
              "ICON_NAME": "_122_farmerowned",
              "CLICKABLE": true,
              "IMAGE_URL": "https://ui.assets-asda.com/dm/_122_farmerowned?",
              "END_DATE": 1682510400,
              "PRIORITY": 1562.0
            }
          ],
          "PACK_SIZE": "250G",
          "MAX_QTY": 10,
          "objectID": "4545237",
          "_highlightResult": {
            "ID": {
              "value": "910001256396",
              "matchLevel": "none",
              "matchedWords": []
            },
            "CIN": {
              "value": "4545237",
              "matchLevel": "none",
              "matchedWords": []
            },
            "NAME": {
              "value": "British 10 Mild Cheddar Slices 250g",
              "matchLevel": "none",
              "matchedWords": []
            },
            "KEYWORDS": {
              "value": "M&S taste match,taste match,M&S Taste match,taste match,burger <em>cheese</em>,packed lunch,pack lunch,sandwich fillings",
              "matchLevel": "full",
              "fullyHighlighted": false,
              "matchedWords": ["cheese"]
            },
            "BRAND": {
              "value": "ASDA",
              "matchLevel": "none",
              "matchedWords": []
            },
            "PRIMARY_TAXONOMY": {
              "AISLE_NAME": {
                "value": "Cheddar & Regional <em>Cheese</em>",
                "matchLevel": "full",
                "fullyHighlighted": false,
                "matchedWords": ["cheese"]
              },
              "SHELF_NAME": {
                "value": "Grated & Sliced <em>Cheese</em>",
                "matchLevel": "full",
                "fullyHighlighted": false,
                "matchedWords": ["cheese"]
              }
            },
            "LIFESTYLES": [
              {
                "value": "Suitable for Vegetarians",
                "matchLevel": "none",
                "matchedWords": []
              }
            ]
          }
        },
        {
          "ID": "1000186791277",
          "STATUS": "A",
          "PHARMACY_RESTRICTED": false,
          "CIN": "6594606",
          "START_DATE": 1719748800.0,
          "END_DATE": 2240568000.0,
          "NAME": "Extra Mature Cheddar Cheese 550g",
          "CS_YES": false,
          "SHOW_PRICE_CS": true,
          "SALES_TYPE": "Each",
          "IMAGE_ID": "5000295148154",
          "BRAND": "Cathedral City",
          "IS_BWS": false,
          "IS_FROZEN": false,
          "IS_SPONSORED": false,
          "LABEL": "",
          "PRICES": {
            "EN": {
              "OFFER": "List",
              "PRICE": 5.34,
              "PRICEPERUOM": 9.70909,
              "PRICEPERUOMFORMATTED": "\u00a39.71/KG"
            }
          },
          "PRIMARY_TAXONOMY": {
            "CAT_ID": "1215660378320",
            "CAT_NAME": "Chilled Food",
            "DEPT_ID": "1215341805721",
            "DEPT_NAME": "Cheese",
            "AISLE_ID": "1215341805765",
            "AISLE_NAME": "Cheddar & Regional Cheese",
            "SHELF_ID": "1215341808819",
            "SHELF_NAME": "Extra Mature & Vintage Cheese"
          },
          "IS_FTO": false,
          "PRODUCT_TYPE": "STANDARD",
          "AVG_RATING": 4.7513,
          "RATING_COUNT": 189.0,
          "ICONS": [
            {
              "ID": "55000003",
              "ICON_NAME": "_151_UnionFlag",
              "CLICKABLE": false,
              "IMAGE_URL": "https://ui.assets-asda.comtest.jpg",
              "START_DATE": 1594728000,
              "END_DATE": 1600171200,
              "PRIORITY": 10427.0
            },
            {
              "ID": "55200006",
              "ICON_NAME": "_008_RedTractorAUTO",
              "CLICKABLE": true,
              "IMAGE_URL": "https://ui.assets-asda.com/dm/_008_redtractor?&$icon-wapp$",
              "START_DATE": 1609329600,
              "END_DATE": 1682510400,
              "PRIORITY": 5354.0
            }
          ],
          "PACK_SIZE": "550G",
          "MAX_QTY": 10,
          "objectID": "6594606",
          "_highlightResult": {
            "ID": {
              "value": "1000186791277",
              "matchLevel": "none",
              "matchedWords": []
            },
            "CIN": {
              "value": "6594606",
              "matchLevel": "none",
              "matchedWords": []
            },
            "NAME": {
              "value": "Extra Mature Cheddar <em>Cheese</em> 550g",
              "matchLevel": "full",
              "fullyHighlighted": false,
              "matchedWords": ["cheese"]
            },
            "BRAND": {
              "value": "Cathedral City",
              "matchLevel": "none",
              "matchedWords": []
            },
            "PRIMARY_TAXONOMY": {
              "AISLE_NAME": {
                "value": "Cheddar & Regional <em>Cheese</em>",
                "matchLevel": "full",
                "fullyHighlighted": false,
                "matchedWords": ["cheese"]
              },
              "SHELF_NAME": {
                "value": "Extra Mature & Vintage <em>Cheese</em>",
                "matchLevel": "full",
                "fullyHighlighted": false,
                "matchedWords": ["cheese"]
              }
            },
            "LIFESTYLES": [
              {
                "value": "Suitable for Vegetarians",
                "matchLevel": "none",
                "matchedWords": []
              }
            ]
          }
        },
        {
          "ID": "1000383142864",
          "STATUS": "A",
          "PHARMACY_RESTRICTED": false,
          "CIN": "7497571",
          "START_DATE": 1677499200.0,
          "END_DATE": 1924948800.0,
          "NAME": "British Red Leicester 250g",
          "CS_YES": false,
          "SHOW_PRICE_CS": true,
          "SALES_TYPE": "Each",
          "IMAGE_ID": "5063089019733",
          "BRAND": "ASDA",
          "IS_BWS": false,
          "IS_FROZEN": false,
          "IS_SPONSORED": false,
          "LABEL": "",
          "PRICES": {
            "EN": {
              "OFFER": "List",
              "PRICE": 2.82,
              "PRICEPERUOM": 11.28,
              "PRICEPERUOMFORMATTED": "\u00a311.28/KG"
            }
          },
          "PRIMARY_TAXONOMY": {
            "CAT_ID": "1215660378320",
            "CAT_NAME": "Chilled Food",
            "DEPT_ID": "1215341805721",
            "DEPT_NAME": "Cheese",
            "AISLE_ID": "1215341805765",
            "AISLE_NAME": "Cheddar & Regional Cheese",
            "SHELF_ID": "1215341808998",
            "SHELF_NAME": "Red Leicester & Gloucester"
          },
          "IS_FTO": false,
          "PRODUCT_TYPE": "STANDARD",
          "AVG_RATING": 4.5882,
          "RATING_COUNT": 51.0,
          "ICONS": [
            {
              "ID": "51000002",
              "ICON_NAME": "801_NoShellfish",
              "CLICKABLE": false,
              "IMAGE_URL": "https://ui.assets-asda.com/dm/_000_Icon?&$Icon-wapp$",
              "START_DATE": 1551700800,
              "END_DATE": 1551873600,
              "PRIORITY": 10440.0
            },
            {
              "ID": "55200006",
              "ICON_NAME": "_008_RedTractorAUTO",
              "CLICKABLE": true,
              "IMAGE_URL": "https://ui.assets-asda.com/dm/_008_redtractor?&$icon-wapp$",
              "START_DATE": 1609329600,
              "END_DATE": 1682510400,
              "PRIORITY": 5354.0
            }
          ],
          "PACK_SIZE": "250G",
          "MAX_QTY": 10,
          "objectID": "7497571",
          "_highlightResult": {
            "ID": {
              "value": "1000383142864",
              "matchLevel": "none",
              "matchedWords": []
            },
            "CIN": {
              "value": "7497571",
              "matchLevel": "none",
              "matchedWords": []
            },
            "NAME": {
              "value": "British Red Leicester 250g",
              "matchLevel": "none",
              "matchedWords": []
            },
            "BRAND": {
              "value": "ASDA",
              "matchLevel": "none",
              "matchedWords": []
            },
            "PRIMARY_TAXONOMY": {
              "AISLE_NAME": {
                "value": "Cheddar & Regional <em>Cheese</em>",
                "matchLevel": "full",
                "fullyHighlighted": false,
                "matchedWords": ["cheese"]
              },
              "SHELF_NAME": {
                "value": "Red Leicester & Gloucester",
                "matchLevel": "none",
                "matchedWords": []
              }
            },
            "LIFESTYLES": [
              {
                "value": "Suitable for Vegetarians",
                "matchLevel": "none",
                "matchedWords": []
              }
            ]
          }
        },
        {
          "ID": "910000542825",
          "STATUS": "A",
          "PHARMACY_RESTRICTED": false,
          "CIN": "3844549",
          "START_DATE": 1440417600.0,
          "END_DATE": 1924948800.0,
          "NAME": "Original Creamy Soft Cheese 200g",
          "CS_YES": false,
          "SHOW_PRICE_CS": true,
          "SALES_TYPE": "Each",
          "IMAGE_ID": "5052449483161",
          "BRAND": "ASDA",
          "IS_BWS": false,
          "IS_FROZEN": false,
          "IS_SPONSORED": false,
          "LABEL": "",
          "PRICES": {
            "EN": {
              "OFFER": "List",
              "PRICE": 1.48,
              "PRICEPERUOM": 7.4,
              "PRICEPERUOMFORMATTED": "\u00a37.40/KG"
            }
          },
          "PRIMARY_TAXONOMY": {
            "CAT_ID": "1215660378320",
            "CAT_NAME": "Chilled Food",
            "DEPT_ID": "1215341805721",
            "DEPT_NAME": "Cheese",
            "AISLE_ID": "1215341805865",
            "AISLE_NAME": "Soft & Cottage Cheese",
            "SHELF_ID": "1215341810303",
            "SHELF_NAME": "Soft Cheese"
          },
          "IS_FTO": false,
          "PRODUCT_TYPE": "STANDARD",
          "AVG_RATING": 4.5778,
          "RATING_COUNT": 180.0,
          "ICONS": [
            {
              "ID": "51000002",
              "ICON_NAME": "801_NoShellfish",
              "CLICKABLE": false,
              "IMAGE_URL": "https://ui.assets-asda.com/dm/_000_Icon?&$Icon-wapp$",
              "START_DATE": 1551700800,
              "END_DATE": 1551873600,
              "PRIORITY": 10440.0
            }
          ],
          "PACK_SIZE": "200G",
          "MAX_QTY": 10,
          "objectID": "3844549",
          "_highlightResult": {
            "ID": {
              "value": "910000542825",
              "matchLevel": "none",
              "matchedWords": []
            },
            "CIN": {
              "value": "3844549",
              "matchLevel": "none",
              "matchedWords": []
            },
            "NAME": {
              "value": "Original Creamy Soft <em>Cheese</em> 200g",
              "matchLevel": "full",
              "fullyHighlighted": false,
              "matchedWords": ["cheese"]
            },
            "KEYWORDS": {
              "value": "packed lunch,cream <em>cheese</em>,<em>cheese</em> spread",
              "matchLevel": "full",
              "fullyHighlighted": false,
              "matchedWords": ["cheese"]
            },
            "BRAND": {
              "value": "ASDA",
              "matchLevel": "none",
              "matchedWords": []
            },
            "PRIMARY_TAXONOMY": {
              "AISLE_NAME": {
                "value": "Soft & Cottage <em>Cheese</em>",
                "matchLevel": "full",
                "fullyHighlighted": false,
                "matchedWords": ["cheese"]
              },
              "SHELF_NAME": {
                "value": "Soft <em>Cheese</em>",
                "matchLevel": "full",
                "fullyHighlighted": false,
                "matchedWords": ["cheese"]
              }
            },
            "LIFESTYLES": [
              {
                "value": "Suitable for Vegetarians",
                "matchLevel": "none",
                "matchedWords": []
              }
            ]
          }
        },
        {
          "ID": "1000383142851",
          "STATUS": "A",
          "PHARMACY_RESTRICTED": false,
          "CIN": "7497565",
          "START_DATE": 1669636800.0,
          "END_DATE": 1924948800.0,
          "NAME": "British Mild Cheddar 250g",
          "CS_YES": false,
          "SHOW_PRICE_CS": true,
          "SALES_TYPE": "Each",
          "IMAGE_ID": "5063089019672",
          "BRAND": "ASDA",
          "IS_BWS": false,
          "IS_FROZEN": false,
          "IS_SPONSORED": false,
          "LABEL": "",
          "PRICES": {
            "EN": {
              "OFFER": "List",
              "PRICE": 2.82,
              "PRICEPERUOM": 11.28,
              "PRICEPERUOMFORMATTED": "\u00a311.28/KG"
            }
          },
          "PRIMARY_TAXONOMY": {
            "CAT_ID": "1215660378320",
            "CAT_NAME": "Chilled Food",
            "DEPT_ID": "1215341805721",
            "DEPT_NAME": "Cheese",
            "AISLE_ID": "1215341805765",
            "AISLE_NAME": "Cheddar & Regional Cheese",
            "SHELF_ID": "1215341808640",
            "SHELF_NAME": "Mild & Medium Cheese"
          },
          "IS_FTO": false,
          "PRODUCT_TYPE": "STANDARD",
          "AVG_RATING": 4.5854,
          "RATING_COUNT": 41.0,
          "ICONS": [
            {
              "ID": "51000002",
              "ICON_NAME": "801_NoShellfish",
              "CLICKABLE": false,
              "IMAGE_URL": "https://ui.assets-asda.com/dm/_000_Icon?&$Icon-wapp$",
              "START_DATE": 1551700800,
              "END_DATE": 1551873600,
              "PRIORITY": 10440.0
            },
            {
              "ID": "55200006",
              "ICON_NAME": "_008_RedTractorAUTO",
              "CLICKABLE": true,
              "IMAGE_URL": "https://ui.assets-asda.com/dm/_008_redtractor?&$icon-wapp$",
              "START_DATE": 1609329600,
              "END_DATE": 1682510400,
              "PRIORITY": 5354.0
            },
            {
              "ID": "1215429129918",
              "ICON_NAME": "_043_British",
              "CLICKABLE": true,
              "IMAGE_URL": "https://ui.assets-asda.com/dm/_043_british?",
              "END_DATE": 1682510400,
              "PRIORITY": 5435.0
            }
          ],
          "PACK_SIZE": "250G",
          "MAX_QTY": 10,
          "objectID": "7497565",
          "_highlightResult": {
            "ID": {
              "value": "1000383142851",
              "matchLevel": "none",
              "matchedWords": []
            },
            "CIN": {
              "value": "7497565",
              "matchLevel": "none",
              "matchedWords": []
            },
            "NAME": {
              "value": "British Mild Cheddar 250g",
              "matchLevel": "none",
              "matchedWords": []
            },
            "BRAND": {
              "value": "ASDA",
              "matchLevel": "none",
              "matchedWords": []
            },
            "PRIMARY_TAXONOMY": {
              "AISLE_NAME": {
                "value": "Cheddar & Regional <em>Cheese</em>",
                "matchLevel": "full",
                "fullyHighlighted": false,
                "matchedWords": ["cheese"]
              },
              "SHELF_NAME": {
                "value": "Mild & Medium <em>Cheese</em>",
                "matchLevel": "full",
                "fullyHighlighted": false,
                "matchedWords": ["cheese"]
              }
            },
            "LIFESTYLES": [
              {
                "value": "Suitable for Vegetarians",
                "matchLevel": "none",
                "matchedWords": []
              }
            ]
          }
        },
        {
          "ID": "1000383272366",
          "STATUS": "A",
          "PHARMACY_RESTRICTED": false,
          "CIN": "9242505",
          "START_DATE": 1737979200.0,
          "END_DATE": 1924948800.0,
          "NAME": "Lunchers Ham 'N' Cheese 65g",
          "CS_YES": false,
          "SHOW_PRICE_CS": true,
          "SALES_TYPE": "Each",
          "IMAGE_ID": "07622202261602",
          "BRAND": "Dairylea",
          "IS_BWS": false,
          "IS_FROZEN": false,
          "IS_SPONSORED": false,
          "LABEL": "",
          "PRICES": {
            "EN": {
              "OFFER": "List",
              "PRICE": 1.53,
              "PRICEPERUOM": 2.35385,
              "PRICEPERUOMFORMATTED": "\u00a32.35/KG"
            }
          },
          "PRIMARY_TAXONOMY": {
            "CAT_ID": "1215660378320",
            "CAT_NAME": "Chilled Food",
            "DEPT_ID": "1215341805721",
            "DEPT_NAME": "Cheese",
            "AISLE_ID": "1215341805914",
            "AISLE_NAME": "Cheese Snacks & Lunchbox",
            "SHELF_ID": "1215341830101",
            "SHELF_NAME": "Cheese Snacking"
          },
          "IS_FTO": false,
          "PRODUCT_TYPE": "STANDARD",
          "AVG_RATING": 4.6667,
          "RATING_COUNT": 15.0,
          "PACK_SIZE": "65G",
          "MAX_QTY": 10,
          "objectID": "9242505",
          "_highlightResult": {
            "ID": {
              "value": "1000383272366",
              "matchLevel": "none",
              "matchedWords": []
            },
            "CIN": {
              "value": "9242505",
              "matchLevel": "none",
              "matchedWords": []
            },
            "NAME": {
              "value": "Lunchers Ham 'N' <em>Cheese</em> 65g",
              "matchLevel": "full",
              "fullyHighlighted": false,
              "matchedWords": ["cheese"]
            },
            "KEYWORDS": {
              "value": "Lunchables",
              "matchLevel": "none",
              "matchedWords": []
            },
            "BRAND": {
              "value": "Dairylea",
              "matchLevel": "none",
              "matchedWords": []
            },
            "PRIMARY_TAXONOMY": {
              "AISLE_NAME": {
                "value": "<em>Cheese</em> Snacks & Lunchbox",
                "matchLevel": "full",
                "fullyHighlighted": false,
                "matchedWords": ["cheese"]
              },
              "SHELF_NAME": {
                "value": "<em>Cheese</em> Snacking",
                "matchLevel": "full",
                "fullyHighlighted": false,
                "matchedWords": ["cheese"]
              }
            }
          }
        },
        {
          "ID": "910002987951",
          "STATUS": "A",
          "PHARMACY_RESTRICTED": false,
          "CIN": "5717695",
          "START_DATE": 1486987200.0,
          "END_DATE": 1924948800.0,
          "NAME": "Mild British Cheddar 750g",
          "CS_YES": false,
          "SHOW_PRICE_CS": true,
          "SALES_TYPE": "Each",
          "IMAGE_ID": "5054781337287",
          "BRAND": "ASDA",
          "IS_BWS": false,
          "IS_FROZEN": false,
          "IS_SPONSORED": false,
          "LABEL": "",
          "PRICES": {
            "EN": {
              "OFFER": "List",
              "PRICE": 4.98,
              "PRICEPERUOM": 6.64,
              "PRICEPERUOMFORMATTED": "\u00a36.64/KG"
            }
          },
          "PRIMARY_TAXONOMY": {
            "CAT_ID": "1215660378320",
            "CAT_NAME": "Chilled Food",
            "DEPT_ID": "1215341805721",
            "DEPT_NAME": "Cheese",
            "AISLE_ID": "1215341805765",
            "AISLE_NAME": "Cheddar & Regional Cheese",
            "SHELF_ID": "1215341808640",
            "SHELF_NAME": "Mild & Medium Cheese"
          },
          "IS_FTO": false,
          "PRODUCT_TYPE": "STANDARD",
          "AVG_RATING": 4.3451,
          "RATING_COUNT": 255.0,
          "ICONS": [
            {
              "ID": "51000002",
              "ICON_NAME": "801_NoShellfish",
              "CLICKABLE": false,
              "IMAGE_URL": "https://ui.assets-asda.com/dm/_000_Icon?&$Icon-wapp$",
              "START_DATE": 1551700800,
              "END_DATE": 1551873600,
              "PRIORITY": 10440.0
            },
            {
              "ID": "55200006",
              "ICON_NAME": "_008_RedTractorAUTO",
              "CLICKABLE": true,
              "IMAGE_URL": "https://ui.assets-asda.com/dm/_008_redtractor?&$icon-wapp$",
              "START_DATE": 1609329600,
              "END_DATE": 1682510400,
              "PRIORITY": 5354.0
            }
          ],
          "PACK_SIZE": "750G",
          "MAX_QTY": 10,
          "objectID": "5717695",
          "_highlightResult": {
            "ID": {
              "value": "910002987951",
              "matchLevel": "none",
              "matchedWords": []
            },
            "CIN": {
              "value": "5717695",
              "matchLevel": "none",
              "matchedWords": []
            },
            "NAME": {
              "value": "Mild British Cheddar 750g",
              "matchLevel": "none",
              "matchedWords": []
            },
            "BRAND": {
              "value": "ASDA",
              "matchLevel": "none",
              "matchedWords": []
            },
            "PRIMARY_TAXONOMY": {
              "AISLE_NAME": {
                "value": "Cheddar & Regional <em>Cheese</em>",
                "matchLevel": "full",
                "fullyHighlighted": false,
                "matchedWords": ["cheese"]
              },
              "SHELF_NAME": {
                "value": "Mild & Medium <em>Cheese</em>",
                "matchLevel": "full",
                "fullyHighlighted": false,
                "matchedWords": ["cheese"]
              }
            },
            "LIFESTYLES": [
              {
                "value": "Suitable for Vegetarians",
                "matchLevel": "none",
                "matchedWords": []
              }
            ]
          }
        },
        {
          "ID": "1000383274087",
          "STATUS": "A",
          "PHARMACY_RESTRICTED": false,
          "CIN": "9247516",
          "START_DATE": 1749211200.0,
          "END_DATE": 1924948800.0,
          "NAME": "10 Mature Cheesy Slices 10x20g (200g)",
          "CS_YES": false,
          "SHOW_PRICE_CS": true,
          "SALES_TYPE": "Each",
          "IMAGE_ID": "5063089827420",
          "BRAND": "ASDA",
          "IS_BWS": false,
          "IS_FROZEN": false,
          "IS_SPONSORED": false,
          "LABEL": "",
          "PRICES": {
            "EN": {
              "OFFER": "List",
              "PRICE": 1.38,
              "PRICEPERUOM": 6.9,
              "PRICEPERUOMFORMATTED": "\u00a36.90/KG"
            }
          },
          "PRIMARY_TAXONOMY": {
            "CAT_ID": "1215660378320",
            "CAT_NAME": "Chilled Food",
            "DEPT_ID": "1215341805721",
            "DEPT_NAME": "Cheese",
            "AISLE_ID": "1215341805815",
            "AISLE_NAME": "Grated & Sliced Cheese",
            "SHELF_ID": "1215341810182",
            "SHELF_NAME": "Cheese Slices"
          },
          "IS_FTO": false,
          "PRODUCT_TYPE": "STANDARD",
          "AVG_RATING": 4.0,
          "RATING_COUNT": 5.0,
          "PACK_SIZE": "200g",
          "MAX_QTY": 10,
          "objectID": "9247516",
          "_highlightResult": {
            "ID": {
              "value": "1000383274087",
              "matchLevel": "none",
              "matchedWords": []
            },
            "CIN": {
              "value": "9247516",
              "matchLevel": "none",
              "matchedWords": []
            },
            "NAME": {
              "value": "10 Mature Cheesy Slices 10x20g (200g)",
              "matchLevel": "none",
              "matchedWords": []
            },
            "BRAND": {
              "value": "ASDA",
              "matchLevel": "none",
              "matchedWords": []
            },
            "PRIMARY_TAXONOMY": {
              "AISLE_NAME": {
                "value": "Grated & Sliced <em>Cheese</em>",
                "matchLevel": "full",
                "fullyHighlighted": false,
                "matchedWords": ["cheese"]
              },
              "SHELF_NAME": {
                "value": "<em>Cheese</em> Slices",
                "matchLevel": "full",
                "fullyHighlighted": false,
                "matchedWords": ["cheese"]
              }
            },
            "LIFESTYLES": [
              {
                "value": "Suitable for Vegetarians",
                "matchLevel": "none",
                "matchedWords": []
              }
            ]
          }
        },
        {
          "ID": "910002128511",
          "STATUS": "A",
          "PHARMACY_RESTRICTED": false,
          "CIN": "5244098",
          "START_DATE": 1562328000.0,
          "END_DATE": 1924948800.0,
          "NAME": "Gouda Nutty & Mellow 200g",
          "CS_YES": false,
          "SHOW_PRICE_CS": true,
          "SALES_TYPE": "Each",
          "IMAGE_ID": "5054070628096",
          "BRAND": "ASDA",
          "IS_BWS": false,
          "IS_FROZEN": false,
          "IS_SPONSORED": false,
          "LABEL": "",
          "PRICES": {
            "EN": {
              "OFFER": "List",
              "PRICE": 1.96,
              "PRICEPERUOM": 9.8,
              "PRICEPERUOMFORMATTED": "\u00a39.80/KG"
            }
          },
          "PRIMARY_TAXONOMY": {
            "CAT_ID": "1215660378320",
            "CAT_NAME": "Chilled Food",
            "DEPT_ID": "1215341805721",
            "DEPT_NAME": "Cheese",
            "AISLE_ID": "1215341806015",
            "AISLE_NAME": "Continental Cheese",
            "SHELF_ID": "1215627294585",
            "SHELF_NAME": "Parmesan & Hard Cheese"
          },
          "IS_FTO": false,
          "PRODUCT_TYPE": "STANDARD",
          "AVG_RATING": 4.5417,
          "RATING_COUNT": 48.0,
          "ICONS": [
            {
              "ID": "51000002",
              "ICON_NAME": "801_NoShellfish",
              "CLICKABLE": false,
              "IMAGE_URL": "https://ui.assets-asda.com/dm/_000_Icon?&$Icon-wapp$",
              "START_DATE": 1551700800,
              "END_DATE": 1551873600,
              "PRIORITY": 10440.0
            }
          ],
          "PACK_SIZE": "200G",
          "MAX_QTY": 10,
          "objectID": "5244098",
          "_highlightResult": {
            "ID": {
              "value": "910002128511",
              "matchLevel": "none",
              "matchedWords": []
            },
            "CIN": {
              "value": "5244098",
              "matchLevel": "none",
              "matchedWords": []
            },
            "NAME": {
              "value": "Gouda Nutty & Mellow 200g",
              "matchLevel": "none",
              "matchedWords": []
            },
            "BRAND": {
              "value": "ASDA",
              "matchLevel": "none",
              "matchedWords": []
            },
            "PRIMARY_TAXONOMY": {
              "AISLE_NAME": {
                "value": "Continental <em>Cheese</em>",
                "matchLevel": "full",
                "fullyHighlighted": false,
                "matchedWords": ["cheese"]
              },
              "SHELF_NAME": {
                "value": "Parmesan & Hard <em>Cheese</em>",
                "matchLevel": "full",
                "fullyHighlighted": false,
                "matchedWords": ["cheese"]
              }
            }
          }
        },
        {
          "ID": "910001256210",
          "STATUS": "A",
          "PHARMACY_RESTRICTED": false,
          "CIN": "4545233",
          "START_DATE": -2208945600.0,
          "END_DATE": 1924948800.0,
          "NAME": "10 British Mature Cheddar Slices 250g",
          "CS_YES": false,
          "SHOW_PRICE_CS": true,
          "SALES_TYPE": "Each",
          "IMAGE_ID": "5054070150351",
          "BRAND": "ASDA",
          "IS_BWS": false,
          "IS_FROZEN": false,
          "IS_SPONSORED": false,
          "LABEL": "",
          "PRICES": {
            "EN": {
              "OFFER": "List",
              "PRICE": 2.54,
              "PRICEPERUOM": 10.16,
              "PRICEPERUOMFORMATTED": "\u00a310.16/KG"
            }
          },
          "PRIMARY_TAXONOMY": {
            "CAT_ID": "1215660378320",
            "CAT_NAME": "Chilled Food",
            "DEPT_ID": "1215341805721",
            "DEPT_NAME": "Cheese",
            "AISLE_ID": "1215341805765",
            "AISLE_NAME": "Cheddar & Regional Cheese",
            "SHELF_ID": "1215626750653",
            "SHELF_NAME": "Grated & Sliced Cheese"
          },
          "IS_FTO": false,
          "PRODUCT_TYPE": "STANDARD",
          "AVG_RATING": 4.3101,
          "RATING_COUNT": 129.0,
          "PROMOS": {
            "EN": [
              {
                "ID": "10000761871",
                "NAME": "Any 2 for \u00a34.50",
                "END_DATE": 1769126399.0,
                "START_DATE": 1767139200.0,
                "TYPE": 15
              }
            ]
          },
          "ICONS": [
            {
              "ID": "51000002",
              "ICON_NAME": "801_NoShellfish",
              "CLICKABLE": false,
              "IMAGE_URL": "https://ui.assets-asda.com/dm/_000_Icon?&$Icon-wapp$",
              "START_DATE": 1551700800,
              "END_DATE": 1551873600,
              "PRIORITY": 10440.0
            },
            {
              "ID": "55200006",
              "ICON_NAME": "_008_RedTractorAUTO",
              "CLICKABLE": true,
              "IMAGE_URL": "https://ui.assets-asda.com/dm/_008_redtractor?&$icon-wapp$",
              "START_DATE": 1609329600,
              "END_DATE": 1682510400,
              "PRIORITY": 5354.0
            },
            {
              "ID": "1215429129918",
              "ICON_NAME": "_043_British",
              "CLICKABLE": true,
              "IMAGE_URL": "https://ui.assets-asda.com/dm/_043_british?",
              "END_DATE": 1682510400,
              "PRIORITY": 5435.0
            },
            {
              "ID": "1215559958453",
              "ICON_NAME": "_122_farmerowned",
              "CLICKABLE": true,
              "IMAGE_URL": "https://ui.assets-asda.com/dm/_122_farmerowned?",
              "END_DATE": 1682510400,
              "PRIORITY": 1562.0
            }
          ],
          "PACK_SIZE": "250G",
          "MAX_QTY": 10,
          "objectID": "4545233",
          "_highlightResult": {
            "ID": {
              "value": "910001256210",
              "matchLevel": "none",
              "matchedWords": []
            },
            "CIN": {
              "value": "4545233",
              "matchLevel": "none",
              "matchedWords": []
            },
            "NAME": {
              "value": "10 British Mature Cheddar Slices 250g",
              "matchLevel": "none",
              "matchedWords": []
            },
            "KEYWORDS": {
              "value": "packed lunch,burger <em>cheese</em>,pack lunch,sandwich fillings",
              "matchLevel": "full",
              "fullyHighlighted": false,
              "matchedWords": ["cheese"]
            },
            "BRAND": {
              "value": "ASDA",
              "matchLevel": "none",
              "matchedWords": []
            },
            "PRIMARY_TAXONOMY": {
              "AISLE_NAME": {
                "value": "Cheddar & Regional <em>Cheese</em>",
                "matchLevel": "full",
                "fullyHighlighted": false,
                "matchedWords": ["cheese"]
              },
              "SHELF_NAME": {
                "value": "Grated & Sliced <em>Cheese</em>",
                "matchLevel": "full",
                "fullyHighlighted": false,
                "matchedWords": ["cheese"]
              }
            },
            "LIFESTYLES": [
              {
                "value": "Suitable for Vegetarians",
                "matchLevel": "none",
                "matchedWords": []
              }
            ]
          }
        },
        {
          "ID": "1000383253725",
          "STATUS": "A",
          "PHARMACY_RESTRICTED": false,
          "CIN": "9189935",
          "START_DATE": 1742904000.0,
          "END_DATE": 1924948800.0,
          "NAME": "Classic British Cheese Selection 475g",
          "CS_YES": false,
          "SHOW_PRICE_CS": true,
          "SALES_TYPE": "Each",
          "IMAGE_ID": "T_5063089700730",
          "BRAND": "ASDA",
          "IS_BWS": false,
          "IS_FROZEN": false,
          "IS_SPONSORED": false,
          "LABEL": "",
          "PRICES": {
            "EN": {
              "OFFER": "List",
              "PRICE": 5.5,
              "PRICEPERUOM": 11.57895,
              "PRICEPERUOMFORMATTED": "\u00a311.58/KG"
            }
          },
          "PRIMARY_TAXONOMY": {
            "CAT_ID": "1215660378320",
            "CAT_NAME": "Chilled Food",
            "DEPT_ID": "1215341805721",
            "DEPT_NAME": "Cheese",
            "AISLE_ID": "1215341805765",
            "AISLE_NAME": "Cheddar & Regional Cheese",
            "SHELF_ID": "1215341808760",
            "SHELF_NAME": "Mature Cheese"
          },
          "IS_FTO": false,
          "PRODUCT_TYPE": "STANDARD",
          "AVG_RATING": 4.6364,
          "RATING_COUNT": 22.0,
          "ICONS": [
            {
              "ID": "59600047",
              "ICON_NAME": "Typically fresh for 6 days",
              "CLICKABLE": true,
              "IMAGE_URL": "https://ui.assets-asda.com/dm/produce-6-days-icon?",
              "START_DATE": 1625227200,
              "END_DATE": 1914408000,
              "PRIORITY": 23.0
            }
          ],
          "PACK_SIZE": "475G",
          "MAX_QTY": 10,
          "objectID": "9189935",
          "_highlightResult": {
            "ID": {
              "value": "1000383253725",
              "matchLevel": "none",
              "matchedWords": []
            },
            "CIN": {
              "value": "9189935",
              "matchLevel": "none",
              "matchedWords": []
            },
            "NAME": {
              "value": "Classic British <em>Cheese</em> Selection 475g",
              "matchLevel": "full",
              "fullyHighlighted": false,
              "matchedWords": ["cheese"]
            },
            "KEYWORDS": {
              "value": "<em>cheese</em>board,<em>cheese</em> board,christmas <em>cheese</em>,xmas <em>cheese</em>,brie,cheddar,mature cheddar,red leicester,wensleydale,stilton,blue <em>cheese</em>",
              "matchLevel": "full",
              "fullyHighlighted": false,
              "matchedWords": ["cheese"]
            },
            "BRAND": {
              "value": "ASDA",
              "matchLevel": "none",
              "matchedWords": []
            },
            "PRIMARY_TAXONOMY": {
              "AISLE_NAME": {
                "value": "Cheddar & Regional <em>Cheese</em>",
                "matchLevel": "full",
                "fullyHighlighted": false,
                "matchedWords": ["cheese"]
              },
              "SHELF_NAME": {
                "value": "Mature <em>Cheese</em>",
                "matchLevel": "full",
                "fullyHighlighted": false,
                "matchedWords": ["cheese"]
              }
            },
            "LIFESTYLES": [
              {
                "value": "Suitable for Vegetarians",
                "matchLevel": "none",
                "matchedWords": []
              }
            ]
          }
        },
        {
          "ID": "27650",
          "STATUS": "A",
          "PHARMACY_RESTRICTED": false,
          "CIN": "407842",
          "START_DATE": -2208945600.0,
          "END_DATE": 1924948800.0,
          "NAME": "Mini  Light Cheese Snacks 6 x 20g",
          "CS_YES": false,
          "SHOW_PRICE_CS": true,
          "SALES_TYPE": "Each",
          "IMAGE_ID": "3073780828642",
          "BRAND": "Mini Babybel",
          "IS_BWS": false,
          "IS_FROZEN": false,
          "IS_SPONSORED": false,
          "LABEL": "",
          "PRICES": {
            "EN": {
              "OFFER": "List",
              "PRICE": 1.72,
              "PRICEPERUOM": 14.33333,
              "PRICEPERUOMFORMATTED": "\u00a314.33/KG"
            }
          },
          "PRIMARY_TAXONOMY": {
            "CAT_ID": "1215660378320",
            "CAT_NAME": "Chilled Food",
            "DEPT_ID": "1215341805721",
            "DEPT_NAME": "Cheese",
            "AISLE_ID": "1215341805914",
            "AISLE_NAME": "Cheese Snacks & Lunchbox",
            "SHELF_ID": "1215341830101",
            "SHELF_NAME": "Cheese Snacking"
          },
          "IS_FTO": false,
          "PRODUCT_TYPE": "STANDARD",
          "AVG_RATING": 4.7349,
          "RATING_COUNT": 83.0,
          "PACK_SIZE": "120G",
          "MAX_QTY": 10,
          "objectID": "407842",
          "_highlightResult": {
            "ID": {
              "value": "27650",
              "matchLevel": "none",
              "matchedWords": []
            },
            "CIN": {
              "value": "407842",
              "matchLevel": "none",
              "matchedWords": []
            },
            "NAME": {
              "value": "Mini  Light <em>Cheese</em> Snacks 6 x 20g",
              "matchLevel": "full",
              "fullyHighlighted": false,
              "matchedWords": ["cheese"]
            },
            "KEYWORDS": {
              "value": "packed lunch,lunch box,lunchbox,lunch bag",
              "matchLevel": "none",
              "matchedWords": []
            },
            "BRAND": {
              "value": "Mini Babybel",
              "matchLevel": "none",
              "matchedWords": []
            },
            "PRIMARY_TAXONOMY": {
              "AISLE_NAME": {
                "value": "<em>Cheese</em> Snacks & Lunchbox",
                "matchLevel": "full",
                "fullyHighlighted": false,
                "matchedWords": ["cheese"]
              },
              "SHELF_NAME": {
                "value": "<em>Cheese</em> Snacking",
                "matchLevel": "full",
                "fullyHighlighted": false,
                "matchedWords": ["cheese"]
              }
            }
          }
        },
        {
          "ID": "1000186791337",
          "STATUS": "A",
          "PHARMACY_RESTRICTED": false,
          "CIN": "6594610",
          "START_DATE": 1719748800.0,
          "END_DATE": 2240568000.0,
          "NAME": "Lighter Mature Cheddar Cheese 550g",
          "CS_YES": false,
          "SHOW_PRICE_CS": true,
          "SALES_TYPE": "Each",
          "IMAGE_ID": "5000295147782",
          "BRAND": "Cathedral City",
          "IS_BWS": false,
          "IS_FROZEN": false,
          "IS_SPONSORED": false,
          "LABEL": "",
          "PRICES": {
            "EN": {
              "OFFER": "List",
              "PRICE": 5.34,
              "PRICEPERUOM": 9.70909,
              "PRICEPERUOMFORMATTED": "\u00a39.71/KG"
            }
          },
          "PRIMARY_TAXONOMY": {
            "CAT_ID": "1215660378320",
            "CAT_NAME": "Chilled Food",
            "DEPT_ID": "1215341805721",
            "DEPT_NAME": "Cheese",
            "AISLE_ID": "1215341805765",
            "AISLE_NAME": "Cheddar & Regional Cheese",
            "SHELF_ID": "1215341808760",
            "SHELF_NAME": "Mature Cheese"
          },
          "IS_FTO": false,
          "PRODUCT_TYPE": "STANDARD",
          "AVG_RATING": 4.6535,
          "RATING_COUNT": 202.0,
          "ICONS": [
            {
              "ID": "55000003",
              "ICON_NAME": "_151_UnionFlag",
              "CLICKABLE": false,
              "IMAGE_URL": "https://ui.assets-asda.comtest.jpg",
              "START_DATE": 1594728000,
              "END_DATE": 1600171200,
              "PRIORITY": 10427.0
            },
            {
              "ID": "55200006",
              "ICON_NAME": "_008_RedTractorAUTO",
              "CLICKABLE": true,
              "IMAGE_URL": "https://ui.assets-asda.com/dm/_008_redtractor?&$icon-wapp$",
              "START_DATE": 1609329600,
              "END_DATE": 1682510400,
              "PRIORITY": 5354.0
            }
          ],
          "PACK_SIZE": "550G",
          "MAX_QTY": 10,
          "objectID": "6594610",
          "_highlightResult": {
            "ID": {
              "value": "1000186791337",
              "matchLevel": "none",
              "matchedWords": []
            },
            "CIN": {
              "value": "6594610",
              "matchLevel": "none",
              "matchedWords": []
            },
            "NAME": {
              "value": "Lighter Mature Cheddar <em>Cheese</em> 550g",
              "matchLevel": "full",
              "fullyHighlighted": false,
              "matchedWords": ["cheese"]
            },
            "KEYWORDS": {
              "value": "low fat <em>cheese</em>",
              "matchLevel": "full",
              "fullyHighlighted": false,
              "matchedWords": ["cheese"]
            },
            "BRAND": {
              "value": "Cathedral City",
              "matchLevel": "none",
              "matchedWords": []
            },
            "PRIMARY_TAXONOMY": {
              "AISLE_NAME": {
                "value": "Cheddar & Regional <em>Cheese</em>",
                "matchLevel": "full",
                "fullyHighlighted": false,
                "matchedWords": ["cheese"]
              },
              "SHELF_NAME": {
                "value": "Mature <em>Cheese</em>",
                "matchLevel": "full",
                "fullyHighlighted": false,
                "matchedWords": ["cheese"]
              }
            },
            "LIFESTYLES": [
              {
                "value": "Suitable for Vegetarians",
                "matchLevel": "none",
                "matchedWords": []
              }
            ]
          }
        },
        {
          "ID": "1000383291344",
          "STATUS": "I",
          "PHARMACY_RESTRICTED": false,
          "CIN": "9288973",
          "START_DATE": 1708344000.0,
          "END_DATE": 1760455482.0,
          "NAME": "Extra Mature Cheddar",
          "CS_YES": false,
          "SHOW_PRICE_CS": true,
          "SALES_TYPE": "Each",
          "IMAGE_ID": "5000165375161",
          "BRAND": "Pilgrims Choice",
          "IS_BWS": false,
          "IS_FROZEN": false,
          "IS_SPONSORED": false,
          "LABEL": "",
          "PRICES": {
            "EN": {
              "OFFER": "List",
              "PRICE": 5.2,
              "PRICEPERUOM": 9.45455,
              "PRICEPERUOMFORMATTED": "\u00a39.45/KG"
            }
          },
          "PRIMARY_TAXONOMY": {
            "CAT_ID": "1215660378320",
            "CAT_NAME": "Chilled Food",
            "DEPT_ID": "1215341805721",
            "DEPT_NAME": "Cheese",
            "AISLE_ID": "1215341805765",
            "AISLE_NAME": "Cheddar & Regional Cheese",
            "SHELF_ID": "1215341808819",
            "SHELF_NAME": "Extra Mature & Vintage Cheese"
          },
          "IS_FTO": false,
          "PRODUCT_TYPE": "STANDARD",
          "AVG_RATING": 5.0,
          "RATING_COUNT": 3.0,
          "ICONS": [
            {
              "ID": "51000002",
              "ICON_NAME": "801_NoShellfish",
              "CLICKABLE": false,
              "IMAGE_URL": "https://ui.assets-asda.com/dm/_000_Icon?&$Icon-wapp$",
              "START_DATE": 1551700800,
              "END_DATE": 1551873600,
              "PRIORITY": 10440.0
            }
          ],
          "PACK_SIZE": "550G",
          "MAX_QTY": 10,
          "objectID": "9288973",
          "_highlightResult": {
            "ID": {
              "value": "1000383291344",
              "matchLevel": "none",
              "matchedWords": []
            },
            "CIN": {
              "value": "9288973",
              "matchLevel": "none",
              "matchedWords": []
            },
            "NAME": {
              "value": "Extra Mature Cheddar",
              "matchLevel": "none",
              "matchedWords": []
            },
            "BRAND": {
              "value": "Pilgrims Choice",
              "matchLevel": "none",
              "matchedWords": []
            },
            "PRIMARY_TAXONOMY": {
              "AISLE_NAME": {
                "value": "Cheddar & Regional <em>Cheese</em>",
                "matchLevel": "full",
                "fullyHighlighted": false,
                "matchedWords": ["cheese"]
              },
              "SHELF_NAME": {
                "value": "Extra Mature & Vintage <em>Cheese</em>",
                "matchLevel": "full",
                "fullyHighlighted": false,
                "matchedWords": ["cheese"]
              }
            },
            "LIFESTYLES": [
              {
                "value": "Suitable for Vegetarians",
                "matchLevel": "none",
                "matchedWords": []
              }
            ]
          }
        },
        {
          "ID": "1000186791338",
          "STATUS": "A",
          "PHARMACY_RESTRICTED": false,
          "CIN": "6594608",
          "START_DATE": 1719748800.0,
          "END_DATE": 2240568000.0,
          "NAME": "Mature Cheddar Cheese 550g",
          "CS_YES": false,
          "SHOW_PRICE_CS": true,
          "SALES_TYPE": "Each",
          "IMAGE_ID": "5000295145054",
          "BRAND": "Cathedral City",
          "IS_BWS": false,
          "IS_FROZEN": false,
          "IS_SPONSORED": false,
          "LABEL": "",
          "PRICES": {
            "EN": {
              "OFFER": "List",
              "PRICE": 5.34,
              "PRICEPERUOM": 9.70909,
              "PRICEPERUOMFORMATTED": "\u00a39.71/KG"
            }
          },
          "PRIMARY_TAXONOMY": {
            "CAT_ID": "1215660378320",
            "CAT_NAME": "Chilled Food",
            "DEPT_ID": "1215341805721",
            "DEPT_NAME": "Cheese",
            "AISLE_ID": "1215341805765",
            "AISLE_NAME": "Cheddar & Regional Cheese",
            "SHELF_ID": "1215341808760",
            "SHELF_NAME": "Mature Cheese"
          },
          "IS_FTO": false,
          "PRODUCT_TYPE": "STANDARD",
          "AVG_RATING": 4.7652,
          "RATING_COUNT": 328.0,
          "ICONS": [
            {
              "ID": "55000003",
              "ICON_NAME": "_151_UnionFlag",
              "CLICKABLE": false,
              "IMAGE_URL": "https://ui.assets-asda.comtest.jpg",
              "START_DATE": 1594728000,
              "END_DATE": 1600171200,
              "PRIORITY": 10427.0
            },
            {
              "ID": "55200006",
              "ICON_NAME": "_008_RedTractorAUTO",
              "CLICKABLE": true,
              "IMAGE_URL": "https://ui.assets-asda.com/dm/_008_redtractor?&$icon-wapp$",
              "START_DATE": 1609329600,
              "END_DATE": 1682510400,
              "PRIORITY": 5354.0
            }
          ],
          "PACK_SIZE": "550G",
          "MAX_QTY": 10,
          "objectID": "6594608",
          "_highlightResult": {
            "ID": {
              "value": "1000186791338",
              "matchLevel": "none",
              "matchedWords": []
            },
            "CIN": {
              "value": "6594608",
              "matchLevel": "none",
              "matchedWords": []
            },
            "NAME": {
              "value": "Mature Cheddar <em>Cheese</em> 550g",
              "matchLevel": "full",
              "fullyHighlighted": false,
              "matchedWords": ["cheese"]
            },
            "BRAND": {
              "value": "Cathedral City",
              "matchLevel": "none",
              "matchedWords": []
            },
            "PRIMARY_TAXONOMY": {
              "AISLE_NAME": {
                "value": "Cheddar & Regional <em>Cheese</em>",
                "matchLevel": "full",
                "fullyHighlighted": false,
                "matchedWords": ["cheese"]
              },
              "SHELF_NAME": {
                "value": "Mature <em>Cheese</em>",
                "matchLevel": "full",
                "fullyHighlighted": false,
                "matchedWords": ["cheese"]
              }
            },
            "LIFESTYLES": [
              {
                "value": "Suitable for Vegetarians",
                "matchLevel": "none",
                "matchedWords": []
              }
            ]
          }
        },
        {
          "ID": "1000383259979",
          "STATUS": "A",
          "PHARMACY_RESTRICTED": false,
          "CIN": "9196864",
          "START_DATE": 1751799600.0,
          "END_DATE": 1924948800.0,
          "NAME": "Edam 220g",
          "CS_YES": false,
          "SHOW_PRICE_CS": true,
          "SALES_TYPE": "Each",
          "IMAGE_ID": "5063089487174",
          "BRAND": "ASDA",
          "IS_BWS": false,
          "IS_FROZEN": false,
          "IS_SPONSORED": false,
          "LABEL": "New",
          "LABEL_START_DATE": 1751673600.0,
          "LABEL_END_DATE": 1759449600.0,
          "PRICES": {
            "EN": {
              "OFFER": "List",
              "PRICE": 2.04,
              "PRICEPERUOM": 9.27273,
              "PRICEPERUOMFORMATTED": "\u00a39.27/KG"
            }
          },
          "PRIMARY_TAXONOMY": {
            "CAT_ID": "1215660378320",
            "CAT_NAME": "Chilled Food",
            "DEPT_ID": "1215341805721",
            "DEPT_NAME": "Cheese",
            "AISLE_ID": "1215341806015",
            "AISLE_NAME": "Continental Cheese",
            "SHELF_ID": "1215627294585",
            "SHELF_NAME": "Parmesan & Hard Cheese"
          },
          "IS_FTO": false,
          "PRODUCT_TYPE": "STANDARD",
          "AVG_RATING": 3.8947,
          "RATING_COUNT": 19.0,
          "ICONS": [
            {
              "ID": "51000002",
              "ICON_NAME": "801_NoShellfish",
              "CLICKABLE": false,
              "IMAGE_URL": "https://ui.assets-asda.com/dm/_000_Icon?&$Icon-wapp$",
              "START_DATE": 1551700800,
              "END_DATE": 1551873600,
              "PRIORITY": 10440.0
            }
          ],
          "PACK_SIZE": "220g",
          "MAX_QTY": 10,
          "objectID": "9196864",
          "_highlightResult": {
            "ID": {
              "value": "1000383259979",
              "matchLevel": "none",
              "matchedWords": []
            },
            "CIN": {
              "value": "9196864",
              "matchLevel": "none",
              "matchedWords": []
            },
            "NAME": {
              "value": "Edam 220g",
              "matchLevel": "none",
              "matchedWords": []
            },
            "BRAND": {
              "value": "ASDA",
              "matchLevel": "none",
              "matchedWords": []
            },
            "PRIMARY_TAXONOMY": {
              "AISLE_NAME": {
                "value": "Continental <em>Cheese</em>",
                "matchLevel": "full",
                "fullyHighlighted": false,
                "matchedWords": ["cheese"]
              },
              "SHELF_NAME": {
                "value": "Parmesan & Hard <em>Cheese</em>",
                "matchLevel": "full",
                "fullyHighlighted": false,
                "matchedWords": ["cheese"]
              }
            },
            "LIFESTYLES": [
              {
                "value": "Suitable for Vegetarians",
                "matchLevel": "none",
                "matchedWords": []
              }
            ]
          }
        },
        {
          "ID": "1000383274186",
          "STATUS": "A",
          "PHARMACY_RESTRICTED": false,
          "CIN": "9244228",
          "START_DATE": 1751799600.0,
          "END_DATE": 1924948800.0,
          "NAME": "15 Cheesy Slices 255g",
          "CS_YES": false,
          "SHOW_PRICE_CS": true,
          "SALES_TYPE": "Each",
          "IMAGE_ID": "5063089827390",
          "BRAND": "JUST ESSENTIALS by ASDA",
          "IS_BWS": false,
          "IS_FROZEN": false,
          "IS_SPONSORED": false,
          "LABEL": "New",
          "LABEL_START_DATE": 1751673600.0,
          "LABEL_END_DATE": 1759449600.0,
          "PRICES": {
            "EN": {
              "OFFER": "List",
              "PRICE": 0.83,
              "PRICEPERUOM": 3.2549,
              "PRICEPERUOMFORMATTED": "\u00a33.25/KG"
            }
          },
          "PRIMARY_TAXONOMY": {
            "CAT_ID": "1215660378320",
            "CAT_NAME": "Chilled Food",
            "DEPT_ID": "1215341805721",
            "DEPT_NAME": "Cheese",
            "AISLE_ID": "1215341805815",
            "AISLE_NAME": "Grated & Sliced Cheese",
            "SHELF_ID": "1215341810182",
            "SHELF_NAME": "Cheese Slices"
          },
          "IS_FTO": false,
          "PRODUCT_TYPE": "STANDARD",
          "AVG_RATING": 0.0,
          "RATING_COUNT": 0.0,
          "PACK_SIZE": "255g",
          "MAX_QTY": 10,
          "objectID": "9244228",
          "_highlightResult": {
            "ID": {
              "value": "1000383274186",
              "matchLevel": "none",
              "matchedWords": []
            },
            "CIN": {
              "value": "9244228",
              "matchLevel": "none",
              "matchedWords": []
            },
            "NAME": {
              "value": "15 Cheesy Slices 255g",
              "matchLevel": "none",
              "matchedWords": []
            },
            "BRAND": {
              "value": "JUST ESSENTIALS by ASDA",
              "matchLevel": "none",
              "matchedWords": []
            },
            "PRIMARY_TAXONOMY": {
              "AISLE_NAME": {
                "value": "Grated & Sliced <em>Cheese</em>",
                "matchLevel": "full",
                "fullyHighlighted": false,
                "matchedWords": ["cheese"]
              },
              "SHELF_NAME": {
                "value": "<em>Cheese</em> Slices",
                "matchLevel": "full",
                "fullyHighlighted": false,
                "matchedWords": ["cheese"]
              }
            },
            "LIFESTYLES": [
              {
                "value": "Suitable for Vegetarians",
                "matchLevel": "none",
                "matchedWords": []
              }
            ]
          }
        },
        {
          "ID": "910002366368",
          "STATUS": "A",
          "PHARMACY_RESTRICTED": false,
          "CIN": "5400878",
          "START_DATE": 1454932800.0,
          "END_DATE": 1924948800.0,
          "NAME": "Cheese & Onion Rolls 6 x 60g (360g)",
          "CS_YES": false,
          "SHOW_PRICE_CS": true,
          "SALES_TYPE": "Each",
          "IMAGE_ID": "5054781056386",
          "BRAND": "ASDA",
          "IS_BWS": false,
          "IS_FROZEN": false,
          "IS_SPONSORED": false,
          "LABEL": "",
          "PRICES": {
            "EN": {
              "OFFER": "List",
              "PRICE": 1.74,
              "PRICEPERUOM": 0.48333,
              "PRICEPERUOMFORMATTED": "48.3p/100GR"
            }
          },
          "PRIMARY_TAXONOMY": {
            "CAT_ID": "1215660378320",
            "CAT_NAME": "Chilled Food",
            "DEPT_ID": "1215661251124",
            "DEPT_NAME": "Party Food, Pies, Salads & Dips",
            "AISLE_ID": "1215663358403",
            "AISLE_NAME": "Sausage Rolls & Cocktail Sausages",
            "SHELF_ID": "1215685642832",
            "SHELF_NAME": "Cheese & Vegetarian Rolls"
          },
          "IS_FTO": false,
          "PRODUCT_TYPE": "STANDARD",
          "AVG_RATING": 4.2581,
          "RATING_COUNT": 31.0,
          "ICONS": [
            {
              "ID": "45100001",
              "ICON_NAME": "Freezable",
              "CLICKABLE": true,
              "IMAGE_URL": "https://ui.assets-asda.com/dm/icon_text?$text=Freezable",
              "END_DATE": 1684238400,
              "PRIORITY": 1085.0
            },
            {
              "ID": "51000002",
              "ICON_NAME": "801_NoShellfish",
              "CLICKABLE": false,
              "IMAGE_URL": "https://ui.assets-asda.com/dm/_000_Icon?&$Icon-wapp$",
              "START_DATE": 1551700800,
              "END_DATE": 1551873600,
              "PRIORITY": 10440.0
            },
            {
              "ID": "59600047",
              "ICON_NAME": "Typically fresh for 6 days",
              "CLICKABLE": true,
              "IMAGE_URL": "https://ui.assets-asda.com/dm/produce-6-days-icon?",
              "START_DATE": 1625227200,
              "END_DATE": 1914408000,
              "PRIORITY": 23.0
            },
            {
              "ID": "59600339",
              "ICON_NAME": "Follow Air Fryer Manufacturer\u2019s Instructions for Cooking Guidelines",
              "CLICKABLE": true,
              "IMAGE_URL": "https://ui.assets-asda.com/dm/Air-Fryer-Online-Icon?&$Icon-wapp$",
              "START_DATE": 1667390400,
              "END_DATE": 1924948800,
              "PRIORITY": 288.0
            }
          ],
          "PACK_SIZE": "360G",
          "MAX_QTY": 10,
          "objectID": "5400878",
          "_highlightResult": {
            "ID": {
              "value": "910002366368",
              "matchLevel": "none",
              "matchedWords": []
            },
            "CIN": {
              "value": "5400878",
              "matchLevel": "none",
              "matchedWords": []
            },
            "NAME": {
              "value": "<em>Cheese</em> & Onion Rolls 6 x 60g (360g)",
              "matchLevel": "full",
              "fullyHighlighted": false,
              "matchedWords": ["cheese"]
            },
            "BRAND": {
              "value": "ASDA",
              "matchLevel": "none",
              "matchedWords": []
            },
            "PRIMARY_TAXONOMY": {
              "AISLE_NAME": {
                "value": "Sausage Rolls & Cocktail Sausages",
                "matchLevel": "none",
                "matchedWords": []
              },
              "SHELF_NAME": {
                "value": "<em>Cheese</em> & Vegetarian Rolls",
                "matchLevel": "full",
                "fullyHighlighted": false,
                "matchedWords": ["cheese"]
              }
            }
          }
        },
        {
          "ID": "1000383232381",
          "STATUS": "A",
          "PHARMACY_RESTRICTED": false,
          "CIN": "9125496",
          "START_DATE": 1728388800.0,
          "END_DATE": 1924948800.0,
          "NAME": "Tasting British Cheese Selection 155g",
          "CS_YES": false,
          "SHOW_PRICE_CS": true,
          "SALES_TYPE": "Each",
          "IMAGE_ID": "5063089577509",
          "BRAND": "Exceptional by ASDA",
          "IS_BWS": false,
          "IS_FROZEN": false,
          "IS_SPONSORED": false,
          "LABEL": "",
          "PRICES": {
            "EN": {
              "OFFER": "List",
              "PRICE": 3.5,
              "PRICEPERUOM": 22.58065,
              "PRICEPERUOMFORMATTED": "\u00a322.58/KG"
            }
          },
          "PRIMARY_TAXONOMY": {
            "CAT_ID": "1215660378320",
            "CAT_NAME": "Chilled Food",
            "DEPT_ID": "1215341805721",
            "DEPT_NAME": "Cheese",
            "AISLE_ID": "1215684281119",
            "AISLE_NAME": "Exceptional Cheese",
            "SHELF_ID": "1215684281120",
            "SHELF_NAME": "Exceptional Cheese"
          },
          "IS_FTO": false,
          "PRODUCT_TYPE": "STANDARD",
          "AVG_RATING": 4.5,
          "RATING_COUNT": 6.0,
          "PACK_SIZE": "155G",
          "MAX_QTY": 10,
          "objectID": "9125496",
          "_highlightResult": {
            "ID": {
              "value": "1000383232381",
              "matchLevel": "none",
              "matchedWords": []
            },
            "CIN": {
              "value": "9125496",
              "matchLevel": "none",
              "matchedWords": []
            },
            "NAME": {
              "value": "Tasting British <em>Cheese</em> Selection 155g",
              "matchLevel": "full",
              "fullyHighlighted": false,
              "matchedWords": ["cheese"]
            },
            "BRAND": {
              "value": "Exceptional by ASDA",
              "matchLevel": "none",
              "matchedWords": []
            },
            "PRIMARY_TAXONOMY": {
              "AISLE_NAME": {
                "value": "Exceptional <em>Cheese</em>",
                "matchLevel": "full",
                "fullyHighlighted": false,
                "matchedWords": ["cheese"]
              },
              "SHELF_NAME": {
                "value": "Exceptional <em>Cheese</em>",
                "matchLevel": "full",
                "fullyHighlighted": false,
                "matchedWords": ["cheese"]
              }
            },
            "LIFESTYLES": [
              {
                "value": "Suitable for Vegetarians",
                "matchLevel": "none",
                "matchedWords": []
              }
            ]
          }
        },
        {
          "ID": "1000186791458",
          "STATUS": "A",
          "PHARMACY_RESTRICTED": false,
          "CIN": "6594910",
          "START_DATE": 1580299200.0,
          "END_DATE": 1924948800.0,
          "NAME": "Garlic & Herb Le Roul\u00e9 125g",
          "CS_YES": false,
          "SHOW_PRICE_CS": true,
          "SALES_TYPE": "Each",
          "IMAGE_ID": "5057172225873",
          "BRAND": "ASDA",
          "IS_BWS": false,
          "IS_FROZEN": false,
          "IS_SPONSORED": false,
          "LABEL": "",
          "PRICES": {
            "EN": {
              "OFFER": "List",
              "PRICE": 2.04,
              "PRICEPERUOM": 16.32,
              "PRICEPERUOMFORMATTED": "\u00a316.32/KG"
            }
          },
          "PRIMARY_TAXONOMY": {
            "CAT_ID": "1215660378320",
            "CAT_NAME": "Chilled Food",
            "DEPT_ID": "1215341805721",
            "DEPT_NAME": "Cheese",
            "AISLE_ID": "1215341805865",
            "AISLE_NAME": "Soft & Cottage Cheese",
            "SHELF_ID": "1215341810303",
            "SHELF_NAME": "Soft Cheese"
          },
          "IS_FTO": false,
          "PRODUCT_TYPE": "STANDARD",
          "AVG_RATING": 4.6629,
          "RATING_COUNT": 89.0,
          "ICONS": [
            {
              "ID": "51000002",
              "ICON_NAME": "801_NoShellfish",
              "CLICKABLE": false,
              "IMAGE_URL": "https://ui.assets-asda.com/dm/_000_Icon?&$Icon-wapp$",
              "START_DATE": 1551700800,
              "END_DATE": 1551873600,
              "PRIORITY": 10440.0
            },
            {
              "ID": "59600445",
              "ICON_NAME": "M&S Taste Match",
              "CLICKABLE": true,
              "IMAGE_URL": "https://ui.assets-asda.com/dm/M-S-Taste-Match-Icon?",
              "START_DATE": 1695643200,
              "END_DATE": 1725019200,
              "PRIORITY": 70.0
            }
          ],
          "PACK_SIZE": "125G",
          "MAX_QTY": 10,
          "objectID": "6594910",
          "_highlightResult": {
            "ID": {
              "value": "1000186791458",
              "matchLevel": "none",
              "matchedWords": []
            },
            "CIN": {
              "value": "6594910",
              "matchLevel": "none",
              "matchedWords": []
            },
            "NAME": {
              "value": "Garlic & Herb Le Roul\u00e9 125g",
              "matchLevel": "none",
              "matchedWords": []
            },
            "KEYWORDS": {
              "value": "M&S taste match,taste match,M&S Taste match,taste match",
              "matchLevel": "none",
              "matchedWords": []
            },
            "BRAND": {
              "value": "ASDA",
              "matchLevel": "none",
              "matchedWords": []
            },
            "PRIMARY_TAXONOMY": {
              "AISLE_NAME": {
                "value": "Soft & Cottage <em>Cheese</em>",
                "matchLevel": "full",
                "fullyHighlighted": false,
                "matchedWords": ["cheese"]
              },
              "SHELF_NAME": {
                "value": "Soft <em>Cheese</em>",
                "matchLevel": "full",
                "fullyHighlighted": false,
                "matchedWords": ["cheese"]
              }
            },
            "LIFESTYLES": [
              {
                "value": "Suitable for Vegetarians",
                "matchLevel": "none",
                "matchedWords": []
              }
            ]
          }
        },
        {
          "ID": "910001256410",
          "STATUS": "A",
          "PHARMACY_RESTRICTED": false,
          "CIN": "4545239",
          "START_DATE": -2208945600.0,
          "END_DATE": 1924948800.0,
          "NAME": "10 Sliced Red Leicester British Cheese 250g",
          "CS_YES": false,
          "SHOW_PRICE_CS": true,
          "SALES_TYPE": "Each",
          "IMAGE_ID": "5054070150382",
          "BRAND": "ASDA",
          "IS_BWS": false,
          "IS_FROZEN": false,
          "IS_SPONSORED": false,
          "LABEL": "",
          "PRICES": {
            "EN": {
              "OFFER": "List",
              "PRICE": 2.54,
              "PRICEPERUOM": 10.16,
              "PRICEPERUOMFORMATTED": "\u00a310.16/KG"
            }
          },
          "PRIMARY_TAXONOMY": {
            "CAT_ID": "1215660378320",
            "CAT_NAME": "Chilled Food",
            "DEPT_ID": "1215341805721",
            "DEPT_NAME": "Cheese",
            "AISLE_ID": "1215341805765",
            "AISLE_NAME": "Cheddar & Regional Cheese",
            "SHELF_ID": "1215626750653",
            "SHELF_NAME": "Grated & Sliced Cheese"
          },
          "IS_FTO": false,
          "PRODUCT_TYPE": "STANDARD",
          "AVG_RATING": 4.4111,
          "RATING_COUNT": 90.0,
          "PROMOS": {
            "EN": [
              {
                "ID": "10000761871",
                "NAME": "Any 2 for \u00a34.50",
                "END_DATE": 1769126399.0,
                "START_DATE": 1767139200.0,
                "TYPE": 15
              }
            ]
          },
          "ICONS": [
            {
              "ID": "51000002",
              "ICON_NAME": "801_NoShellfish",
              "CLICKABLE": false,
              "IMAGE_URL": "https://ui.assets-asda.com/dm/_000_Icon?&$Icon-wapp$",
              "START_DATE": 1551700800,
              "END_DATE": 1551873600,
              "PRIORITY": 10440.0
            },
            {
              "ID": "55000003",
              "ICON_NAME": "_151_UnionFlag",
              "CLICKABLE": false,
              "IMAGE_URL": "https://ui.assets-asda.comtest.jpg",
              "START_DATE": 1594728000,
              "END_DATE": 1600171200,
              "PRIORITY": 10427.0
            },
            {
              "ID": "55200006",
              "ICON_NAME": "_008_RedTractorAUTO",
              "CLICKABLE": true,
              "IMAGE_URL": "https://ui.assets-asda.com/dm/_008_redtractor?&$icon-wapp$",
              "START_DATE": 1609329600,
              "END_DATE": 1682510400,
              "PRIORITY": 5354.0
            },
            {
              "ID": "59600445",
              "ICON_NAME": "M&S Taste Match",
              "CLICKABLE": true,
              "IMAGE_URL": "https://ui.assets-asda.com/dm/M-S-Taste-Match-Icon?",
              "START_DATE": 1695643200,
              "END_DATE": 1725019200,
              "PRIORITY": 70.0
            },
            {
              "ID": "1215429129918",
              "ICON_NAME": "_043_British",
              "CLICKABLE": true,
              "IMAGE_URL": "https://ui.assets-asda.com/dm/_043_british?",
              "END_DATE": 1682510400,
              "PRIORITY": 5435.0
            },
            {
              "ID": "1215559958453",
              "ICON_NAME": "_122_farmerowned",
              "CLICKABLE": true,
              "IMAGE_URL": "https://ui.assets-asda.com/dm/_122_farmerowned?",
              "END_DATE": 1682510400,
              "PRIORITY": 1562.0
            }
          ],
          "PACK_SIZE": "250G",
          "MAX_QTY": 10,
          "objectID": "4545239",
          "_highlightResult": {
            "ID": {
              "value": "910001256410",
              "matchLevel": "none",
              "matchedWords": []
            },
            "CIN": {
              "value": "4545239",
              "matchLevel": "none",
              "matchedWords": []
            },
            "NAME": {
              "value": "10 Sliced Red Leicester British <em>Cheese</em> 250g",
              "matchLevel": "full",
              "fullyHighlighted": false,
              "matchedWords": ["cheese"]
            },
            "KEYWORDS": {
              "value": "burger <em>cheese</em>",
              "matchLevel": "full",
              "fullyHighlighted": false,
              "matchedWords": ["cheese"]
            },
            "BRAND": {
              "value": "ASDA",
              "matchLevel": "none",
              "matchedWords": []
            },
            "PRIMARY_TAXONOMY": {
              "AISLE_NAME": {
                "value": "Cheddar & Regional <em>Cheese</em>",
                "matchLevel": "full",
                "fullyHighlighted": false,
                "matchedWords": ["cheese"]
              },
              "SHELF_NAME": {
                "value": "Grated & Sliced <em>Cheese</em>",
                "matchLevel": "full",
                "fullyHighlighted": false,
                "matchedWords": ["cheese"]
              }
            },
            "LIFESTYLES": [
              {
                "value": "Suitable for Vegetarians",
                "matchLevel": "none",
                "matchedWords": []
              }
            ]
          }
        },
        {
          "ID": "910001327548",
          "STATUS": "A",
          "PHARMACY_RESTRICTED": false,
          "CIN": "4636711",
          "START_DATE": 1446465600.0,
          "END_DATE": 1924948800.0,
          "NAME": "Mini Italian Mozzarella Cheese&nbsp;150g",
          "CS_YES": false,
          "SHOW_PRICE_CS": true,
          "SALES_TYPE": "Each",
          "IMAGE_ID": "8000430132267",
          "BRAND": "Galbani",
          "IS_BWS": false,
          "IS_FROZEN": false,
          "IS_SPONSORED": false,
          "LABEL": "",
          "PRICES": {
            "EN": {
              "OFFER": "List",
              "PRICE": 1.88,
              "PRICEPERUOM": 12.53333,
              "PRICEPERUOMFORMATTED": "\u00a312.53/KG"
            }
          },
          "PRIMARY_TAXONOMY": {
            "CAT_ID": "1215660378320",
            "CAT_NAME": "Chilled Food",
            "DEPT_ID": "1215341805721",
            "DEPT_NAME": "Cheese",
            "AISLE_ID": "1215341805865",
            "AISLE_NAME": "Soft & Cottage Cheese",
            "SHELF_ID": "1215341810303",
            "SHELF_NAME": "Soft Cheese"
          },
          "IS_FTO": false,
          "PRODUCT_TYPE": "STANDARD",
          "AVG_RATING": 4.5,
          "RATING_COUNT": 2.0,
          "ICONS": [
            {
              "ID": "51000002",
              "ICON_NAME": "801_NoShellfish",
              "CLICKABLE": false,
              "IMAGE_URL": "https://ui.assets-asda.com/dm/_000_Icon?&$Icon-wapp$",
              "START_DATE": 1551700800,
              "END_DATE": 1551873600,
              "PRIORITY": 10440.0
            },
            {
              "ID": "1215413701904",
              "ICON_NAME": "_113_FreshPledge6DONOTUSE",
              "CLICKABLE": true,
              "IMAGE_URL": "https://ui.assets-asda.com/dm/icon_freshpledge?$days=6",
              "END_DATE": 1682467200,
              "PRIORITY": -103.0
            }
          ],
          "PACK_SIZE": "150G",
          "MAX_QTY": 10,
          "objectID": "4636711",
          "_highlightResult": {
            "ID": {
              "value": "910001327548",
              "matchLevel": "none",
              "matchedWords": []
            },
            "CIN": {
              "value": "4636711",
              "matchLevel": "none",
              "matchedWords": []
            },
            "NAME": {
              "value": "Mini Italian Mozzarella <em>Cheese</em>&nbsp;150g",
              "matchLevel": "full",
              "fullyHighlighted": false,
              "matchedWords": ["cheese"]
            },
            "BRAND": {
              "value": "Galbani",
              "matchLevel": "none",
              "matchedWords": []
            },
            "PRIMARY_TAXONOMY": {
              "AISLE_NAME": {
                "value": "Soft & Cottage <em>Cheese</em>",
                "matchLevel": "full",
                "fullyHighlighted": false,
                "matchedWords": ["cheese"]
              },
              "SHELF_NAME": {
                "value": "Soft <em>Cheese</em>",
                "matchLevel": "full",
                "fullyHighlighted": false,
                "matchedWords": ["cheese"]
              }
            },
            "LIFESTYLES": [
              {
                "value": "Suitable for Vegetarians",
                "matchLevel": "none",
                "matchedWords": []
              }
            ]
          }
        },
        {
          "ID": "910001077451",
          "STATUS": "A",
          "PHARMACY_RESTRICTED": false,
          "CIN": "4309824",
          "START_DATE": -2208945600.0,
          "END_DATE": 1924948800.0,
          "NAME": "Medium Scottish Coloured Cheddar Cheese 200g",
          "CS_YES": false,
          "SHOW_PRICE_CS": true,
          "SALES_TYPE": "Each",
          "IMAGE_ID": "5017838817187",
          "BRAND": "Galloway",
          "IS_BWS": false,
          "IS_FROZEN": false,
          "IS_SPONSORED": false,
          "LABEL": "",
          "PRICES": {
            "EN": {
              "OFFER": "List",
              "PRICE": 2.5,
              "PRICEPERUOM": 12.5,
              "PRICEPERUOMFORMATTED": "\u00a312.50/KG"
            }
          },
          "PRIMARY_TAXONOMY": {
            "CAT_ID": "1215660378320",
            "CAT_NAME": "Chilled Food",
            "DEPT_ID": "1215341805721",
            "DEPT_NAME": "Cheese",
            "AISLE_ID": "1215341805765",
            "AISLE_NAME": "Cheddar & Regional Cheese",
            "SHELF_ID": "1215341808640",
            "SHELF_NAME": "Mild & Medium Cheese"
          },
          "IS_FTO": false,
          "PRODUCT_TYPE": "STANDARD",
          "AVG_RATING": 4.425,
          "RATING_COUNT": 40.0,
          "ICONS": [
            {
              "ID": "51000002",
              "ICON_NAME": "801_NoShellfish",
              "CLICKABLE": false,
              "IMAGE_URL": "https://ui.assets-asda.com/dm/_000_Icon?&$Icon-wapp$",
              "START_DATE": 1551700800,
              "END_DATE": 1551873600,
              "PRIORITY": 10440.0
            },
            {
              "ID": "55200002",
              "ICON_NAME": "_001_ScotlandFlag",
              "CLICKABLE": true,
              "IMAGE_URL": "https://ui.assets-asda.com/dm/_021_scottish?",
              "END_DATE": 1597147200,
              "PRIORITY": 1350.0
            },
            {
              "ID": "55200006",
              "ICON_NAME": "_008_RedTractorAUTO",
              "CLICKABLE": true,
              "IMAGE_URL": "https://ui.assets-asda.com/dm/_008_redtractor?&$icon-wapp$",
              "START_DATE": 1609329600,
              "END_DATE": 1682510400,
              "PRIORITY": 5354.0
            },
            {
              "ID": "59600433",
              "ICON_NAME": "Scottish Favourites",
              "CLICKABLE": true,
              "IMAGE_URL": "https://ui.assets-asda.com/dm/_076_scottish_favourites?",
              "START_DATE": 1693224000,
              "END_DATE": 1924948800,
              "PRIORITY": 80.0
            },
            {
              "ID": "1215406847656",
              "ICON_NAME": "Great Taste of Scotland",
              "CLICKABLE": true,
              "IMAGE_URL": "https://ui.assets-asda.com/dm/_021_scottish?",
              "PRIORITY": 365.0
            }
          ],
          "PACK_SIZE": "200G",
          "MAX_QTY": 10,
          "objectID": "4309824",
          "_highlightResult": {
            "ID": {
              "value": "910001077451",
              "matchLevel": "none",
              "matchedWords": []
            },
            "CIN": {
              "value": "4309824",
              "matchLevel": "none",
              "matchedWords": []
            },
            "NAME": {
              "value": "Medium Scottish Coloured Cheddar <em>Cheese</em> 200g",
              "matchLevel": "full",
              "fullyHighlighted": false,
              "matchedWords": ["cheese"]
            },
            "BRAND": {
              "value": "Galloway",
              "matchLevel": "none",
              "matchedWords": []
            },
            "PRIMARY_TAXONOMY": {
              "AISLE_NAME": {
                "value": "Cheddar & Regional <em>Cheese</em>",
                "matchLevel": "full",
                "fullyHighlighted": false,
                "matchedWords": ["cheese"]
              },
              "SHELF_NAME": {
                "value": "Mild & Medium <em>Cheese</em>",
                "matchLevel": "full",
                "fullyHighlighted": false,
                "matchedWords": ["cheese"]
              }
            },
            "LIFESTYLES": [
              {
                "value": "Suitable for Vegetarians",
                "matchLevel": "none",
                "matchedWords": []
              }
            ]
          }
        },
        {
          "ID": "1000383138907",
          "STATUS": "A",
          "PHARMACY_RESTRICTED": false,
          "CIN": "7484819",
          "START_DATE": 1658404800.0,
          "END_DATE": 1924948800.0,
          "NAME": "Our Strongest Cheddar Cheese 350g",
          "CS_YES": false,
          "SHOW_PRICE_CS": true,
          "SALES_TYPE": "Each",
          "IMAGE_ID": "5000295152762",
          "BRAND": "Cathedral City",
          "IS_BWS": false,
          "IS_FROZEN": false,
          "IS_SPONSORED": false,
          "LABEL": "",
          "PRICES": {
            "EN": {
              "OFFER": "List",
              "PRICE": 3.0,
              "PRICEPERUOM": 8.57143,
              "PRICEPERUOMFORMATTED": "\u00a38.57/KG"
            }
          },
          "PRIMARY_TAXONOMY": {
            "CAT_ID": "1215660378320",
            "CAT_NAME": "Chilled Food",
            "DEPT_ID": "1215341805721",
            "DEPT_NAME": "Cheese",
            "AISLE_ID": "1215341805765",
            "AISLE_NAME": "Cheddar & Regional Cheese",
            "SHELF_ID": "1215341808760",
            "SHELF_NAME": "Mature Cheese"
          },
          "IS_FTO": false,
          "PRODUCT_TYPE": "STANDARD",
          "AVG_RATING": 4.55,
          "RATING_COUNT": 60.0,
          "ICONS": [
            {
              "ID": "55000003",
              "ICON_NAME": "_151_UnionFlag",
              "CLICKABLE": false,
              "IMAGE_URL": "https://ui.assets-asda.comtest.jpg",
              "START_DATE": 1594728000,
              "END_DATE": 1600171200,
              "PRIORITY": 10427.0
            },
            {
              "ID": "55200006",
              "ICON_NAME": "_008_RedTractorAUTO",
              "CLICKABLE": true,
              "IMAGE_URL": "https://ui.assets-asda.com/dm/_008_redtractor?&$icon-wapp$",
              "START_DATE": 1609329600,
              "END_DATE": 1682510400,
              "PRIORITY": 5354.0
            }
          ],
          "PACK_SIZE": "350G",
          "MAX_QTY": 10,
          "objectID": "7484819",
          "_highlightResult": {
            "ID": {
              "value": "1000383138907",
              "matchLevel": "none",
              "matchedWords": []
            },
            "CIN": {
              "value": "7484819",
              "matchLevel": "none",
              "matchedWords": []
            },
            "NAME": {
              "value": "Our Strongest Cheddar <em>Cheese</em> 350g",
              "matchLevel": "full",
              "fullyHighlighted": false,
              "matchedWords": ["cheese"]
            },
            "KEYWORDS": {
              "value": "Extra Mature <em>Cheese</em>,Extra Mature Cheddar,Strong <em>Cheese</em>",
              "matchLevel": "full",
              "fullyHighlighted": false,
              "matchedWords": ["cheese"]
            },
            "BRAND": {
              "value": "Cathedral City",
              "matchLevel": "none",
              "matchedWords": []
            },
            "PRIMARY_TAXONOMY": {
              "AISLE_NAME": {
                "value": "Cheddar & Regional <em>Cheese</em>",
                "matchLevel": "full",
                "fullyHighlighted": false,
                "matchedWords": ["cheese"]
              },
              "SHELF_NAME": {
                "value": "Mature <em>Cheese</em>",
                "matchLevel": "full",
                "fullyHighlighted": false,
                "matchedWords": ["cheese"]
              }
            },
            "LIFESTYLES": [
              {
                "value": "Suitable for Vegetarians",
                "matchLevel": "none",
                "matchedWords": []
              }
            ]
          }
        },
        {
          "ID": "910003190733",
          "STATUS": "A",
          "PHARMACY_RESTRICTED": false,
          "CIN": "5845652",
          "START_DATE": 1708344000.0,
          "END_DATE": 1924948800.0,
          "NAME": "Extra Mature Cheddar 550g",
          "CS_YES": false,
          "SHOW_PRICE_CS": true,
          "SALES_TYPE": "Each",
          "IMAGE_ID": "5000165375161",
          "BRAND": "Pilgrims Choice",
          "IS_BWS": false,
          "IS_FROZEN": false,
          "IS_SPONSORED": false,
          "LABEL": "",
          "PRICES": {
            "EN": {
              "OFFER": "Dropped",
              "PRICE": 3.98,
              "WASPRICE": 5.2,
              "PRICEPERUOM": 7.23636,
              "PRICEPERUOMFORMATTED": "\u00a37.24/KG"
            }
          },
          "PRIMARY_TAXONOMY": {
            "CAT_ID": "1215660378320",
            "CAT_NAME": "Chilled Food",
            "DEPT_ID": "1215341805721",
            "DEPT_NAME": "Cheese",
            "AISLE_ID": "1215341805765",
            "AISLE_NAME": "Cheddar & Regional Cheese",
            "SHELF_ID": "1215341808819",
            "SHELF_NAME": "Extra Mature & Vintage Cheese"
          },
          "IS_FTO": false,
          "PRODUCT_TYPE": "STANDARD",
          "AVG_RATING": 4.8043,
          "RATING_COUNT": 92.0,
          "ICONS": [
            {
              "ID": "51000002",
              "ICON_NAME": "801_NoShellfish",
              "CLICKABLE": false,
              "IMAGE_URL": "https://ui.assets-asda.com/dm/_000_Icon?&$Icon-wapp$",
              "START_DATE": 1551700800,
              "END_DATE": 1551873600,
              "PRIORITY": 10440.0
            }
          ],
          "PACK_SIZE": "550G",
          "MAX_QTY": 10,
          "objectID": "5845652",
          "_highlightResult": {
            "ID": {
              "value": "910003190733",
              "matchLevel": "none",
              "matchedWords": []
            },
            "CIN": {
              "value": "5845652",
              "matchLevel": "none",
              "matchedWords": []
            },
            "NAME": {
              "value": "Extra Mature Cheddar 550g",
              "matchLevel": "none",
              "matchedWords": []
            },
            "BRAND": {
              "value": "Pilgrims Choice",
              "matchLevel": "none",
              "matchedWords": []
            },
            "PRIMARY_TAXONOMY": {
              "AISLE_NAME": {
                "value": "Cheddar & Regional <em>Cheese</em>",
                "matchLevel": "full",
                "fullyHighlighted": false,
                "matchedWords": ["cheese"]
              },
              "SHELF_NAME": {
                "value": "Extra Mature & Vintage <em>Cheese</em>",
                "matchLevel": "full",
                "fullyHighlighted": false,
                "matchedWords": ["cheese"]
              }
            },
            "LIFESTYLES": [
              {
                "value": "Suitable for Vegetarians",
                "matchLevel": "none",
                "matchedWords": []
              }
            ]
          }
        },
        {
          "ID": "1000383227138",
          "STATUS": "A",
          "PHARMACY_RESTRICTED": false,
          "CIN": "9110161",
          "START_DATE": 1718107200.0,
          "END_DATE": 1924948800.0,
          "NAME": "Parmigiano Reggiano Dop 170g",
          "CS_YES": false,
          "SHOW_PRICE_CS": true,
          "SALES_TYPE": "Each",
          "IMAGE_ID": "5063089520024",
          "BRAND": "Exceptional by ASDA",
          "IS_BWS": false,
          "IS_FROZEN": false,
          "IS_SPONSORED": false,
          "LABEL": "",
          "PRICES": {
            "EN": {
              "OFFER": "List",
              "PRICE": 3.57,
              "PRICEPERUOM": 21.0,
              "PRICEPERUOMFORMATTED": "\u00a321.00/KG"
            }
          },
          "PRIMARY_TAXONOMY": {
            "CAT_ID": "1215660378320",
            "CAT_NAME": "Chilled Food",
            "DEPT_ID": "1215341805721",
            "DEPT_NAME": "Cheese",
            "AISLE_ID": "1215341806015",
            "AISLE_NAME": "Continental Cheese",
            "SHELF_ID": "1215627294585",
            "SHELF_NAME": "Parmesan & Hard Cheese"
          },
          "IS_FTO": false,
          "PRODUCT_TYPE": "STANDARD",
          "AVG_RATING": 4.7297,
          "RATING_COUNT": 37.0,
          "ICONS": [
            {
              "ID": "51000002",
              "ICON_NAME": "801_NoShellfish",
              "CLICKABLE": false,
              "IMAGE_URL": "https://ui.assets-asda.com/dm/_000_Icon?&$Icon-wapp$",
              "START_DATE": 1551700800,
              "END_DATE": 1551873600,
              "PRIORITY": 10440.0
            }
          ],
          "PACK_SIZE": "170G",
          "MAX_QTY": 10,
          "objectID": "9110161",
          "_highlightResult": {
            "ID": {
              "value": "1000383227138",
              "matchLevel": "none",
              "matchedWords": []
            },
            "CIN": {
              "value": "9110161",
              "matchLevel": "none",
              "matchedWords": []
            },
            "NAME": {
              "value": "Parmigiano Reggiano Dop 170g",
              "matchLevel": "none",
              "matchedWords": []
            },
            "KEYWORDS": {
              "value": "extra special <em>cheese</em>,extra special,extra special parmesan",
              "matchLevel": "full",
              "fullyHighlighted": false,
              "matchedWords": ["cheese"]
            },
            "BRAND": {
              "value": "Exceptional by ASDA",
              "matchLevel": "none",
              "matchedWords": []
            },
            "PRIMARY_TAXONOMY": {
              "AISLE_NAME": {
                "value": "Continental <em>Cheese</em>",
                "matchLevel": "full",
                "fullyHighlighted": false,
                "matchedWords": ["cheese"]
              },
              "SHELF_NAME": {
                "value": "Parmesan & Hard <em>Cheese</em>",
                "matchLevel": "full",
                "fullyHighlighted": false,
                "matchedWords": ["cheese"]
              }
            }
          }
        },
        {
          "ID": "910000979660",
          "STATUS": "A",
          "PHARMACY_RESTRICTED": false,
          "CIN": "4181499",
          "START_DATE": 1626868800.0,
          "END_DATE": 1924948800.0,
          "NAME": "Spreadable Lighter Cheese Spread 125g",
          "CS_YES": false,
          "SHOW_PRICE_CS": true,
          "SALES_TYPE": "Each",
          "IMAGE_ID": "5017838816890",
          "BRAND": "Seriously Spreadable",
          "IS_BWS": false,
          "IS_FROZEN": false,
          "IS_SPONSORED": false,
          "LABEL": "",
          "PRICES": {
            "EN": {
              "OFFER": "List",
              "PRICE": 1.38,
              "PRICEPERUOM": 11.04,
              "PRICEPERUOMFORMATTED": "\u00a311.04/KG"
            }
          },
          "PRIMARY_TAXONOMY": {
            "CAT_ID": "1215660378320",
            "CAT_NAME": "Chilled Food",
            "DEPT_ID": "1215341805721",
            "DEPT_NAME": "Cheese",
            "AISLE_ID": "1215341805865",
            "AISLE_NAME": "Soft & Cottage Cheese",
            "SHELF_ID": "1215341810422",
            "SHELF_NAME": "Cheese Spreads"
          },
          "IS_FTO": false,
          "PRODUCT_TYPE": "STANDARD",
          "AVG_RATING": 4.7679,
          "RATING_COUNT": 56.0,
          "ICONS": [
            {
              "ID": "51000002",
              "ICON_NAME": "801_NoShellfish",
              "CLICKABLE": false,
              "IMAGE_URL": "https://ui.assets-asda.com/dm/_000_Icon?&$Icon-wapp$",
              "START_DATE": 1551700800,
              "END_DATE": 1551873600,
              "PRIORITY": 10440.0
            }
          ],
          "PACK_SIZE": "125G",
          "MAX_QTY": 10,
          "objectID": "4181499",
          "_highlightResult": {
            "ID": {
              "value": "910000979660",
              "matchLevel": "none",
              "matchedWords": []
            },
            "CIN": {
              "value": "4181499",
              "matchLevel": "none",
              "matchedWords": []
            },
            "NAME": {
              "value": "Spreadable Lighter <em>Cheese</em> Spread 125g",
              "matchLevel": "full",
              "fullyHighlighted": false,
              "matchedWords": ["cheese"]
            },
            "BRAND": {
              "value": "Seriously Spreadable",
              "matchLevel": "none",
              "matchedWords": []
            },
            "PRIMARY_TAXONOMY": {
              "AISLE_NAME": {
                "value": "Soft & Cottage <em>Cheese</em>",
                "matchLevel": "full",
                "fullyHighlighted": false,
                "matchedWords": ["cheese"]
              },
              "SHELF_NAME": {
                "value": "<em>Cheese</em> Spreads",
                "matchLevel": "full",
                "fullyHighlighted": false,
                "matchedWords": ["cheese"]
              }
            },
            "LIFESTYLES": [
              {
                "value": "Suitable for Vegetarians",
                "matchLevel": "none",
                "matchedWords": []
              }
            ]
          }
        },
        {
          "ID": "910000563392",
          "STATUS": "A",
          "PHARMACY_RESTRICTED": false,
          "CIN": "3884168",
          "START_DATE": -2208945600.0,
          "END_DATE": 1924948800.0,
          "NAME": "Cheestrings 8 x 20g (160g)",
          "CS_YES": false,
          "SHOW_PRICE_CS": true,
          "SALES_TYPE": "Each",
          "IMAGE_ID": "5000187130946",
          "BRAND": "Strings & Things",
          "IS_BWS": false,
          "IS_FROZEN": false,
          "IS_SPONSORED": false,
          "LABEL": "",
          "PRICES": {
            "EN": {
              "OFFER": "List",
              "PRICE": 2.94,
              "PRICEPERUOM": 18.375,
              "PRICEPERUOMFORMATTED": "\u00a318.38/KG"
            }
          },
          "PRIMARY_TAXONOMY": {
            "CAT_ID": "1215660378320",
            "CAT_NAME": "Chilled Food",
            "DEPT_ID": "1215341805721",
            "DEPT_NAME": "Cheese",
            "AISLE_ID": "1215341805914",
            "AISLE_NAME": "Cheese Snacks & Lunchbox",
            "SHELF_ID": "1215341810541",
            "SHELF_NAME": "Cheese Strips & Dunkers"
          },
          "IS_FTO": false,
          "PRODUCT_TYPE": "STANDARD",
          "AVG_RATING": 3.8872,
          "RATING_COUNT": 195.0,
          "ICONS": [
            {
              "ID": "51000002",
              "ICON_NAME": "801_NoShellfish",
              "CLICKABLE": false,
              "IMAGE_URL": "https://ui.assets-asda.com/dm/_000_Icon?&$Icon-wapp$",
              "START_DATE": 1551700800,
              "END_DATE": 1551873600,
              "PRIORITY": 10440.0
            }
          ],
          "PACK_SIZE": "160G",
          "MAX_QTY": 10,
          "objectID": "3884168",
          "_highlightResult": {
            "ID": {
              "value": "910000563392",
              "matchLevel": "none",
              "matchedWords": []
            },
            "CIN": {
              "value": "3884168",
              "matchLevel": "none",
              "matchedWords": []
            },
            "NAME": {
              "value": "Cheestrings 8 x 20g (160g)",
              "matchLevel": "none",
              "matchedWords": []
            },
            "KEYWORDS": {
              "value": "packed lunch,pack lunch",
              "matchLevel": "none",
              "matchedWords": []
            },
            "BRAND": {
              "value": "Strings & Things",
              "matchLevel": "none",
              "matchedWords": []
            },
            "PRIMARY_TAXONOMY": {
              "AISLE_NAME": {
                "value": "<em>Cheese</em> Snacks & Lunchbox",
                "matchLevel": "full",
                "fullyHighlighted": false,
                "matchedWords": ["cheese"]
              },
              "SHELF_NAME": {
                "value": "<em>Cheese</em> Strips & Dunkers",
                "matchLevel": "full",
                "fullyHighlighted": false,
                "matchedWords": ["cheese"]
              }
            },
            "LIFESTYLES": [
              {
                "value": "Suitable for Vegetarians",
                "matchLevel": "none",
                "matchedWords": []
              }
            ]
          }
        },
        {
          "ID": "910001440072",
          "STATUS": "A",
          "PHARMACY_RESTRICTED": false,
          "CIN": "4767736",
          "START_DATE": -2208945600.0,
          "END_DATE": 1924948800.0,
          "NAME": "Cheese Triangles 16 Pack 250g",
          "CS_YES": false,
          "SHOW_PRICE_CS": true,
          "SALES_TYPE": "Each",
          "IMAGE_ID": "7622210317643",
          "BRAND": "Dairylea",
          "IS_BWS": false,
          "IS_FROZEN": false,
          "IS_SPONSORED": false,
          "LABEL": "",
          "PRICES": {
            "EN": {
              "OFFER": "List",
              "PRICE": 2.95,
              "PRICEPERUOM": 11.8,
              "PRICEPERUOMFORMATTED": "\u00a311.80/KG"
            }
          },
          "PRIMARY_TAXONOMY": {
            "CAT_ID": "1215660378320",
            "CAT_NAME": "Chilled Food",
            "DEPT_ID": "1215341805721",
            "DEPT_NAME": "Cheese",
            "AISLE_ID": "1215341805914",
            "AISLE_NAME": "Cheese Snacks & Lunchbox",
            "SHELF_ID": "1215341810482",
            "SHELF_NAME": "Cheese Triangles"
          },
          "IS_FTO": false,
          "PRODUCT_TYPE": "STANDARD",
          "AVG_RATING": 4.6598,
          "RATING_COUNT": 97.0,
          "PACK_SIZE": "250G",
          "MAX_QTY": 10,
          "objectID": "4767736",
          "_highlightResult": {
            "ID": {
              "value": "910001440072",
              "matchLevel": "none",
              "matchedWords": []
            },
            "CIN": {
              "value": "4767736",
              "matchLevel": "none",
              "matchedWords": []
            },
            "NAME": {
              "value": "<em>Cheese</em> Triangles 16 Pack 250g",
              "matchLevel": "full",
              "fullyHighlighted": false,
              "matchedWords": ["cheese"]
            },
            "KEYWORDS": {
              "value": "packed lunch,pack lunch",
              "matchLevel": "none",
              "matchedWords": []
            },
            "BRAND": {
              "value": "Dairylea",
              "matchLevel": "none",
              "matchedWords": []
            },
            "PRIMARY_TAXONOMY": {
              "AISLE_NAME": {
                "value": "<em>Cheese</em> Snacks & Lunchbox",
                "matchLevel": "full",
                "fullyHighlighted": false,
                "matchedWords": ["cheese"]
              },
              "SHELF_NAME": {
                "value": "<em>Cheese</em> Triangles",
                "matchLevel": "full",
                "fullyHighlighted": false,
                "matchedWords": ["cheese"]
              }
            }
          }
        },
        {
          "ID": "1000013419759",
          "STATUS": "A",
          "PHARMACY_RESTRICTED": false,
          "CIN": "6010595",
          "START_DATE": 1528286400.0,
          "END_DATE": 1924948800.0,
          "NAME": "10 Dutch Gouda Sliced 250g",
          "CS_YES": false,
          "SHOW_PRICE_CS": true,
          "SALES_TYPE": "Each",
          "IMAGE_ID": "5054781763413",
          "BRAND": "ASDA",
          "IS_BWS": false,
          "IS_FROZEN": false,
          "IS_SPONSORED": false,
          "LABEL": "",
          "PRICES": {
            "EN": {
              "OFFER": "List",
              "PRICE": 2.54,
              "PRICEPERUOM": 10.16,
              "PRICEPERUOMFORMATTED": "\u00a310.16/KG"
            }
          },
          "PRIMARY_TAXONOMY": {
            "CAT_ID": "1215660378320",
            "CAT_NAME": "Chilled Food",
            "DEPT_ID": "1215341805721",
            "DEPT_NAME": "Cheese",
            "AISLE_ID": "1215341805815",
            "AISLE_NAME": "Grated & Sliced Cheese",
            "SHELF_ID": "1215341810182",
            "SHELF_NAME": "Cheese Slices"
          },
          "IS_FTO": false,
          "PRODUCT_TYPE": "STANDARD",
          "AVG_RATING": 4.5882,
          "RATING_COUNT": 68.0,
          "PROMOS": {
            "EN": [
              {
                "ID": "10000761871",
                "NAME": "Any 2 for \u00a34.50",
                "END_DATE": 1769126399.0,
                "START_DATE": 1767139200.0,
                "TYPE": 15
              }
            ]
          },
          "ICONS": [
            {
              "ID": "51000002",
              "ICON_NAME": "801_NoShellfish",
              "CLICKABLE": false,
              "IMAGE_URL": "https://ui.assets-asda.com/dm/_000_Icon?&$Icon-wapp$",
              "START_DATE": 1551700800,
              "END_DATE": 1551873600,
              "PRIORITY": 10440.0
            },
            {
              "ID": "59600445",
              "ICON_NAME": "M&S Taste Match",
              "CLICKABLE": true,
              "IMAGE_URL": "https://ui.assets-asda.com/dm/M-S-Taste-Match-Icon?",
              "START_DATE": 1695643200,
              "END_DATE": 1725019200,
              "PRIORITY": 70.0
            }
          ],
          "PACK_SIZE": "250G",
          "MAX_QTY": 10,
          "objectID": "6010595",
          "_highlightResult": {
            "ID": {
              "value": "1000013419759",
              "matchLevel": "none",
              "matchedWords": []
            },
            "CIN": {
              "value": "6010595",
              "matchLevel": "none",
              "matchedWords": []
            },
            "NAME": {
              "value": "10 Dutch Gouda Sliced 250g",
              "matchLevel": "none",
              "matchedWords": []
            },
            "KEYWORDS": {
              "value": "M&S taste match,taste match,burger <em>cheese</em>",
              "matchLevel": "full",
              "fullyHighlighted": false,
              "matchedWords": ["cheese"]
            },
            "BRAND": {
              "value": "ASDA",
              "matchLevel": "none",
              "matchedWords": []
            },
            "PRIMARY_TAXONOMY": {
              "AISLE_NAME": {
                "value": "Grated & Sliced <em>Cheese</em>",
                "matchLevel": "full",
                "fullyHighlighted": false,
                "matchedWords": ["cheese"]
              },
              "SHELF_NAME": {
                "value": "<em>Cheese</em> Slices",
                "matchLevel": "full",
                "fullyHighlighted": false,
                "matchedWords": ["cheese"]
              }
            },
            "LIFESTYLES": [
              {
                "value": "Suitable for Vegetarians",
                "matchLevel": "none",
                "matchedWords": []
              }
            ]
          }
        },
        {
          "ID": "1000321309693",
          "STATUS": "A",
          "PHARMACY_RESTRICTED": false,
          "CIN": "7148111",
          "START_DATE": 1634644800.0,
          "END_DATE": 1924948800.0,
          "NAME": "Cheese & Ham 140g",
          "CS_YES": false,
          "SHOW_PRICE_CS": true,
          "SALES_TYPE": "Each",
          "IMAGE_ID": "5016049086238",
          "BRAND": "Primula",
          "IS_BWS": false,
          "IS_FROZEN": false,
          "IS_SPONSORED": false,
          "LABEL": "",
          "PRICES": {
            "EN": {
              "OFFER": "List",
              "PRICE": 1.84,
              "PRICEPERUOM": 13.14286,
              "PRICEPERUOMFORMATTED": "\u00a313.14/KG"
            }
          },
          "PRIMARY_TAXONOMY": {
            "CAT_ID": "1215660378320",
            "CAT_NAME": "Chilled Food",
            "DEPT_ID": "1215341805721",
            "DEPT_NAME": "Cheese",
            "AISLE_ID": "1215341805865",
            "AISLE_NAME": "Soft & Cottage Cheese",
            "SHELF_ID": "1215341810422",
            "SHELF_NAME": "Cheese Spreads"
          },
          "IS_FTO": false,
          "PRODUCT_TYPE": "STANDARD",
          "AVG_RATING": 4.75,
          "RATING_COUNT": 60.0,
          "ICONS": [
            {
              "ID": "51000002",
              "ICON_NAME": "801_NoShellfish",
              "CLICKABLE": false,
              "IMAGE_URL": "https://ui.assets-asda.com/dm/_000_Icon?&$Icon-wapp$",
              "START_DATE": 1551700800,
              "END_DATE": 1551873600,
              "PRIORITY": 10440.0
            }
          ],
          "PACK_SIZE": "140G",
          "MAX_QTY": 10,
          "objectID": "7148111",
          "_highlightResult": {
            "ID": {
              "value": "1000321309693",
              "matchLevel": "none",
              "matchedWords": []
            },
            "CIN": {
              "value": "7148111",
              "matchLevel": "none",
              "matchedWords": []
            },
            "NAME": {
              "value": "<em>Cheese</em> & Ham 140g",
              "matchLevel": "full",
              "fullyHighlighted": false,
              "matchedWords": ["cheese"]
            },
            "BRAND": {
              "value": "Primula",
              "matchLevel": "none",
              "matchedWords": []
            },
            "PRIMARY_TAXONOMY": {
              "AISLE_NAME": {
                "value": "Soft & Cottage <em>Cheese</em>",
                "matchLevel": "full",
                "fullyHighlighted": false,
                "matchedWords": ["cheese"]
              },
              "SHELF_NAME": {
                "value": "<em>Cheese</em> Spreads",
                "matchLevel": "full",
                "fullyHighlighted": false,
                "matchedWords": ["cheese"]
              }
            },
            "LIFESTYLES": [
              {
                "value": "Gluten free",
                "matchLevel": "none",
                "matchedWords": []
              }
            ]
          }
        },
        {
          "ID": "910001331818",
          "STATUS": "A",
          "PHARMACY_RESTRICTED": false,
          "CIN": "4642079",
          "START_DATE": -2208945600.0,
          "END_DATE": 1924948800.0,
          "NAME": "Wensleydale 250g",
          "CS_YES": false,
          "SHOW_PRICE_CS": true,
          "SALES_TYPE": "Each",
          "IMAGE_ID": "5054070243763",
          "BRAND": "ASDA",
          "IS_BWS": false,
          "IS_FROZEN": false,
          "IS_SPONSORED": false,
          "LABEL": "",
          "PRICES": {
            "EN": {
              "OFFER": "List",
              "PRICE": 2.82,
              "PRICEPERUOM": 11.28,
              "PRICEPERUOMFORMATTED": "\u00a311.28/KG"
            }
          },
          "PRIMARY_TAXONOMY": {
            "CAT_ID": "1215660378320",
            "CAT_NAME": "Chilled Food",
            "DEPT_ID": "1215341805721",
            "DEPT_NAME": "Cheese",
            "AISLE_ID": "1215341805765",
            "AISLE_NAME": "Cheddar & Regional Cheese",
            "SHELF_ID": "1215341809057",
            "SHELF_NAME": "White Regional Cheese"
          },
          "IS_FTO": false,
          "PRODUCT_TYPE": "STANDARD",
          "AVG_RATING": 4.4561,
          "RATING_COUNT": 57.0,
          "ICONS": [
            {
              "ID": "51000002",
              "ICON_NAME": "801_NoShellfish",
              "CLICKABLE": false,
              "IMAGE_URL": "https://ui.assets-asda.com/dm/_000_Icon?&$Icon-wapp$",
              "START_DATE": 1551700800,
              "END_DATE": 1551873600,
              "PRIORITY": 10440.0
            },
            {
              "ID": "55200006",
              "ICON_NAME": "_008_RedTractorAUTO",
              "CLICKABLE": true,
              "IMAGE_URL": "https://ui.assets-asda.com/dm/_008_redtractor?&$icon-wapp$",
              "START_DATE": 1609329600,
              "END_DATE": 1682510400,
              "PRIORITY": 5354.0
            },
            {
              "ID": "59600445",
              "ICON_NAME": "M&S Taste Match",
              "CLICKABLE": true,
              "IMAGE_URL": "https://ui.assets-asda.com/dm/M-S-Taste-Match-Icon?",
              "START_DATE": 1695643200,
              "END_DATE": 1725019200,
              "PRIORITY": 70.0
            },
            {
              "ID": "1215429129918",
              "ICON_NAME": "_043_British",
              "CLICKABLE": true,
              "IMAGE_URL": "https://ui.assets-asda.com/dm/_043_british?",
              "END_DATE": 1682510400,
              "PRIORITY": 5435.0
            }
          ],
          "PACK_SIZE": "250G",
          "MAX_QTY": 10,
          "objectID": "4642079",
          "_highlightResult": {
            "ID": {
              "value": "910001331818",
              "matchLevel": "none",
              "matchedWords": []
            },
            "CIN": {
              "value": "4642079",
              "matchLevel": "none",
              "matchedWords": []
            },
            "NAME": {
              "value": "Wensleydale 250g",
              "matchLevel": "none",
              "matchedWords": []
            },
            "KEYWORDS": {
              "value": "<em>cheese</em> board,<em>Cheese</em>board,M&S taste match,taste match,M&S Taste match,taste match",
              "matchLevel": "full",
              "fullyHighlighted": false,
              "matchedWords": ["cheese"]
            },
            "BRAND": {
              "value": "ASDA",
              "matchLevel": "none",
              "matchedWords": []
            },
            "PRIMARY_TAXONOMY": {
              "AISLE_NAME": {
                "value": "Cheddar & Regional <em>Cheese</em>",
                "matchLevel": "full",
                "fullyHighlighted": false,
                "matchedWords": ["cheese"]
              },
              "SHELF_NAME": {
                "value": "White Regional <em>Cheese</em>",
                "matchLevel": "full",
                "fullyHighlighted": false,
                "matchedWords": ["cheese"]
              }
            },
            "LIFESTYLES": [
              {
                "value": "Suitable for Vegetarians",
                "matchLevel": "none",
                "matchedWords": []
              }
            ]
          }
        },
        {
          "ID": "1000008932550",
          "STATUS": "A",
          "PHARMACY_RESTRICTED": false,
          "CIN": "5915739",
          "START_DATE": 1560254400.0,
          "END_DATE": 1924948800.0,
          "NAME": "Extra Creamy Brie Cheese 200g",
          "CS_YES": false,
          "SHOW_PRICE_CS": true,
          "SALES_TYPE": "Each",
          "IMAGE_ID": "5711953070266",
          "BRAND": "Castello",
          "IS_BWS": false,
          "IS_FROZEN": false,
          "IS_SPONSORED": false,
          "LABEL": "",
          "PRICES": {
            "EN": {
              "OFFER": "List",
              "PRICE": 2.62,
              "PRICEPERUOM": 13.1,
              "PRICEPERUOMFORMATTED": "\u00a313.10/KG"
            }
          },
          "PRIMARY_TAXONOMY": {
            "CAT_ID": "1215660378320",
            "CAT_NAME": "Chilled Food",
            "DEPT_ID": "1215341805721",
            "DEPT_NAME": "Cheese",
            "AISLE_ID": "1215341806015",
            "AISLE_NAME": "Continental Cheese",
            "SHELF_ID": "1215341830339",
            "SHELF_NAME": "Brie & Camembert"
          },
          "IS_FTO": false,
          "PRODUCT_TYPE": "STANDARD",
          "AVG_RATING": 4.7528,
          "RATING_COUNT": 178.0,
          "PACK_SIZE": "200G",
          "MAX_QTY": 10,
          "objectID": "5915739",
          "_highlightResult": {
            "ID": {
              "value": "1000008932550",
              "matchLevel": "none",
              "matchedWords": []
            },
            "CIN": {
              "value": "5915739",
              "matchLevel": "none",
              "matchedWords": []
            },
            "NAME": {
              "value": "Extra Creamy Brie <em>Cheese</em> 200g",
              "matchLevel": "full",
              "fullyHighlighted": false,
              "matchedWords": ["cheese"]
            },
            "KEYWORDS": {
              "value": "Stilton,<em>Cheese</em> board,tickled pink,<em>Cheese</em> selection,Danish Blue,Continental <em>Cheese</em>,<em>Cheese</em> Sauce,Crackers",
              "matchLevel": "full",
              "fullyHighlighted": false,
              "matchedWords": ["cheese"]
            },
            "BRAND": {
              "value": "Castello",
              "matchLevel": "none",
              "matchedWords": []
            },
            "PRIMARY_TAXONOMY": {
              "AISLE_NAME": {
                "value": "Continental <em>Cheese</em>",
                "matchLevel": "full",
                "fullyHighlighted": false,
                "matchedWords": ["cheese"]
              },
              "SHELF_NAME": {
                "value": "Brie & Camembert",
                "matchLevel": "none",
                "matchedWords": []
              }
            }
          }
        },
        {
          "ID": "910000328893",
          "STATUS": "A",
          "PHARMACY_RESTRICTED": false,
          "CIN": "3364858",
          "START_DATE": -2208945600.0,
          "END_DATE": 1924948800.0,
          "NAME": "Lighter Mature Cheddar Cheese 350g",
          "CS_YES": false,
          "SHOW_PRICE_CS": true,
          "SALES_TYPE": "Each",
          "IMAGE_ID": "5000295141612",
          "BRAND": "Cathedral City",
          "IS_BWS": false,
          "IS_FROZEN": false,
          "IS_SPONSORED": false,
          "LABEL": "",
          "PRICES": {
            "EN": {
              "OFFER": "List",
              "PRICE": 3.0,
              "PRICEPERUOM": 8.57143,
              "PRICEPERUOMFORMATTED": "\u00a38.57/KG"
            }
          },
          "PRIMARY_TAXONOMY": {
            "CAT_ID": "1215660378320",
            "CAT_NAME": "Chilled Food",
            "DEPT_ID": "1215341805721",
            "DEPT_NAME": "Cheese",
            "AISLE_ID": "1215685771343",
            "AISLE_NAME": "Lower Fat Cheese",
            "SHELF_ID": "1215624110531",
            "SHELF_NAME": "Lower Fat Cheese"
          },
          "IS_FTO": false,
          "PRODUCT_TYPE": "STANDARD",
          "AVG_RATING": 4.6535,
          "RATING_COUNT": 202.0,
          "ICONS": [
            {
              "ID": "55000003",
              "ICON_NAME": "_151_UnionFlag",
              "CLICKABLE": false,
              "IMAGE_URL": "https://ui.assets-asda.comtest.jpg",
              "START_DATE": 1594728000,
              "END_DATE": 1600171200,
              "PRIORITY": 10427.0
            },
            {
              "ID": "55200006",
              "ICON_NAME": "_008_RedTractorAUTO",
              "CLICKABLE": true,
              "IMAGE_URL": "https://ui.assets-asda.com/dm/_008_redtractor?&$icon-wapp$",
              "START_DATE": 1609329600,
              "END_DATE": 1682510400,
              "PRIORITY": 5354.0
            }
          ],
          "PACK_SIZE": "350G",
          "MAX_QTY": 10,
          "objectID": "3364858",
          "_highlightResult": {
            "ID": {
              "value": "910000328893",
              "matchLevel": "none",
              "matchedWords": []
            },
            "CIN": {
              "value": "3364858",
              "matchLevel": "none",
              "matchedWords": []
            },
            "NAME": {
              "value": "Lighter Mature Cheddar <em>Cheese</em> 350g",
              "matchLevel": "full",
              "fullyHighlighted": false,
              "matchedWords": ["cheese"]
            },
            "KEYWORDS": {
              "value": "cheddar,low fat <em>cheese</em>",
              "matchLevel": "full",
              "fullyHighlighted": false,
              "matchedWords": ["cheese"]
            },
            "BRAND": {
              "value": "Cathedral City",
              "matchLevel": "none",
              "matchedWords": []
            },
            "PRIMARY_TAXONOMY": {
              "AISLE_NAME": {
                "value": "Lower Fat <em>Cheese</em>",
                "matchLevel": "full",
                "fullyHighlighted": false,
                "matchedWords": ["cheese"]
              },
              "SHELF_NAME": {
                "value": "Lower Fat <em>Cheese</em>",
                "matchLevel": "full",
                "fullyHighlighted": false,
                "matchedWords": ["cheese"]
              }
            },
            "LIFESTYLES": [
              {
                "value": "Suitable for Vegetarians",
                "matchLevel": "none",
                "matchedWords": []
              }
            ]
          }
        },
        {
          "ID": "1000383272619",
          "STATUS": "I",
          "PHARMACY_RESTRICTED": false,
          "CIN": "9227083",
          "START_DATE": 1737979200.0,
          "END_DATE": 1924948800.0,
          "NAME": "Slices Light Cheese 8 Pack Multipack 150g (8 x 18.75g)",
          "CS_YES": false,
          "SHOW_PRICE_CS": true,
          "SALES_TYPE": "Each",
          "IMAGE_ID": "7622202268625",
          "BRAND": "Dairylea",
          "IS_BWS": false,
          "IS_FROZEN": false,
          "IS_SPONSORED": false,
          "LABEL": "",
          "PRICES": {
            "EN": {
              "OFFER": "List",
              "PRICE": 1.7,
              "PRICEPERUOM": 11.33333,
              "PRICEPERUOMFORMATTED": "\u00a311.33/KG"
            }
          },
          "PRIMARY_TAXONOMY": {
            "CAT_ID": "1215660378320",
            "CAT_NAME": "Chilled Food",
            "DEPT_ID": "1215341805721",
            "DEPT_NAME": "Cheese",
            "AISLE_ID": "1215341805815",
            "AISLE_NAME": "Grated & Sliced Cheese",
            "SHELF_ID": "1215341810182",
            "SHELF_NAME": "Cheese Slices"
          },
          "IS_FTO": false,
          "PRODUCT_TYPE": "STANDARD",
          "AVG_RATING": 4.6,
          "RATING_COUNT": 45.0,
          "PACK_SIZE": "150G",
          "MAX_QTY": 10,
          "objectID": "9227083",
          "_highlightResult": {
            "ID": {
              "value": "1000383272619",
              "matchLevel": "none",
              "matchedWords": []
            },
            "CIN": {
              "value": "9227083",
              "matchLevel": "none",
              "matchedWords": []
            },
            "NAME": {
              "value": "Slices Light <em>Cheese</em> 8 Pack Multipack 150g (8 x 18.75g)",
              "matchLevel": "full",
              "fullyHighlighted": false,
              "matchedWords": ["cheese"]
            },
            "BRAND": {
              "value": "Dairylea",
              "matchLevel": "none",
              "matchedWords": []
            },
            "PRIMARY_TAXONOMY": {
              "AISLE_NAME": {
                "value": "Grated & Sliced <em>Cheese</em>",
                "matchLevel": "full",
                "fullyHighlighted": false,
                "matchedWords": ["cheese"]
              },
              "SHELF_NAME": {
                "value": "<em>Cheese</em> Slices",
                "matchLevel": "full",
                "fullyHighlighted": false,
                "matchedWords": ["cheese"]
              }
            }
          }
        },
        {
          "ID": "77092331",
          "STATUS": "A",
          "PHARMACY_RESTRICTED": false,
          "CIN": "2502639",
          "START_DATE": 1482235200.0,
          "END_DATE": 1924948800.0,
          "NAME": "French Brie Cheese 200g",
          "CS_YES": false,
          "SHOW_PRICE_CS": true,
          "SALES_TYPE": "Each",
          "IMAGE_ID": "3228020232028",
          "BRAND": "President",
          "IS_BWS": false,
          "IS_FROZEN": false,
          "IS_SPONSORED": false,
          "LABEL": "",
          "PRICES": {
            "EN": {
              "OFFER": "List",
              "PRICE": 2.85,
              "PRICEPERUOM": 14.25,
              "PRICEPERUOMFORMATTED": "\u00a314.25/KG"
            }
          },
          "PRIMARY_TAXONOMY": {
            "CAT_ID": "1215660378320",
            "CAT_NAME": "Chilled Food",
            "DEPT_ID": "1215341805721",
            "DEPT_NAME": "Cheese",
            "AISLE_ID": "1215341806015",
            "AISLE_NAME": "Continental Cheese",
            "SHELF_ID": "1215341830339",
            "SHELF_NAME": "Brie & Camembert"
          },
          "IS_FTO": false,
          "PRODUCT_TYPE": "STANDARD",
          "AVG_RATING": 4.6136,
          "RATING_COUNT": 132.0,
          "PACK_SIZE": "200G",
          "MAX_QTY": 10,
          "objectID": "2502639",
          "_highlightResult": {
            "ID": {
              "value": "77092331",
              "matchLevel": "none",
              "matchedWords": []
            },
            "CIN": {
              "value": "2502639",
              "matchLevel": "none",
              "matchedWords": []
            },
            "NAME": {
              "value": "French Brie <em>Cheese</em> 200g",
              "matchLevel": "full",
              "fullyHighlighted": false,
              "matchedWords": ["cheese"]
            },
            "KEYWORDS": {
              "value": "board",
              "matchLevel": "none",
              "matchedWords": []
            },
            "BRAND": {
              "value": "President",
              "matchLevel": "none",
              "matchedWords": []
            },
            "PRIMARY_TAXONOMY": {
              "AISLE_NAME": {
                "value": "Continental <em>Cheese</em>",
                "matchLevel": "full",
                "fullyHighlighted": false,
                "matchedWords": ["cheese"]
              },
              "SHELF_NAME": {
                "value": "Brie & Camembert",
                "matchLevel": "none",
                "matchedWords": []
              }
            },
            "LIFESTYLES": [
              {
                "value": "Suitable for Vegetarians",
                "matchLevel": "none",
                "matchedWords": []
              }
            ]
          }
        },
        {
          "ID": "1000383271110",
          "STATUS": "A",
          "PHARMACY_RESTRICTED": false,
          "CIN": "9237336",
          "START_DATE": 1751976000.0,
          "END_DATE": 1924948800.0,
          "NAME": "10 Mild Cheddar Slices 200g",
          "CS_YES": false,
          "SHOW_PRICE_CS": true,
          "SALES_TYPE": "Each",
          "IMAGE_ID": "5063089868157",
          "BRAND": "JUST ESSENTIALS by ASDA",
          "IS_BWS": false,
          "IS_FROZEN": false,
          "IS_SPONSORED": false,
          "LABEL": "New",
          "LABEL_START_DATE": 1751673600.0,
          "LABEL_END_DATE": 1759449600.0,
          "PRICES": {
            "EN": {
              "OFFER": "List",
              "PRICE": 1.39,
              "PRICEPERUOM": 6.95,
              "PRICEPERUOMFORMATTED": "\u00a36.95/KG"
            }
          },
          "PRIMARY_TAXONOMY": {
            "CAT_ID": "1215660378320",
            "CAT_NAME": "Chilled Food",
            "DEPT_ID": "1215341805721",
            "DEPT_NAME": "Cheese",
            "AISLE_ID": "1215341805765",
            "AISLE_NAME": "Cheddar & Regional Cheese",
            "SHELF_ID": "1215626750653",
            "SHELF_NAME": "Grated & Sliced Cheese"
          },
          "IS_FTO": false,
          "PRODUCT_TYPE": "STANDARD",
          "AVG_RATING": 0.0,
          "RATING_COUNT": 0.0,
          "ICONS": [
            {
              "ID": "55200006",
              "ICON_NAME": "_008_RedTractorAUTO",
              "CLICKABLE": true,
              "IMAGE_URL": "https://ui.assets-asda.com/dm/_008_redtractor?&$icon-wapp$",
              "START_DATE": 1609329600,
              "END_DATE": 1682510400,
              "PRIORITY": 5354.0
            }
          ],
          "PACK_SIZE": "200g",
          "MAX_QTY": 10,
          "objectID": "9237336",
          "_highlightResult": {
            "ID": {
              "value": "1000383271110",
              "matchLevel": "none",
              "matchedWords": []
            },
            "CIN": {
              "value": "9237336",
              "matchLevel": "none",
              "matchedWords": []
            },
            "NAME": {
              "value": "10 Mild Cheddar Slices 200g",
              "matchLevel": "none",
              "matchedWords": []
            },
            "BRAND": {
              "value": "JUST ESSENTIALS by ASDA",
              "matchLevel": "none",
              "matchedWords": []
            },
            "PRIMARY_TAXONOMY": {
              "AISLE_NAME": {
                "value": "Cheddar & Regional <em>Cheese</em>",
                "matchLevel": "full",
                "fullyHighlighted": false,
                "matchedWords": ["cheese"]
              },
              "SHELF_NAME": {
                "value": "Grated & Sliced <em>Cheese</em>",
                "matchLevel": "full",
                "fullyHighlighted": false,
                "matchedWords": ["cheese"]
              }
            },
            "LIFESTYLES": [
              {
                "value": "Suitable for Vegetarians",
                "matchLevel": "none",
                "matchedWords": []
              }
            ]
          }
        },
        {
          "ID": "910002379934",
          "STATUS": "A",
          "PHARMACY_RESTRICTED": false,
          "CIN": "5409962",
          "START_DATE": 1467028800.0,
          "END_DATE": 1924948800.0,
          "NAME": "Spreadable Vintage Cheese Spread 125g",
          "CS_YES": false,
          "SHOW_PRICE_CS": true,
          "SALES_TYPE": "Each",
          "IMAGE_ID": "5017838819211",
          "BRAND": "Seriously Spreadable",
          "IS_BWS": false,
          "IS_FROZEN": false,
          "IS_SPONSORED": false,
          "LABEL": "",
          "PRICES": {
            "EN": {
              "OFFER": "List",
              "PRICE": 1.38,
              "PRICEPERUOM": 11.04,
              "PRICEPERUOMFORMATTED": "\u00a311.04/KG"
            }
          },
          "PRIMARY_TAXONOMY": {
            "CAT_ID": "1215660378320",
            "CAT_NAME": "Chilled Food",
            "DEPT_ID": "1215341805721",
            "DEPT_NAME": "Cheese",
            "AISLE_ID": "1215341805865",
            "AISLE_NAME": "Soft & Cottage Cheese",
            "SHELF_ID": "1215341810422",
            "SHELF_NAME": "Cheese Spreads"
          },
          "IS_FTO": false,
          "PRODUCT_TYPE": "STANDARD",
          "AVG_RATING": 4.5885,
          "RATING_COUNT": 192.0,
          "ICONS": [
            {
              "ID": "51000002",
              "ICON_NAME": "801_NoShellfish",
              "CLICKABLE": false,
              "IMAGE_URL": "https://ui.assets-asda.com/dm/_000_Icon?&$Icon-wapp$",
              "START_DATE": 1551700800,
              "END_DATE": 1551873600,
              "PRIORITY": 10440.0
            }
          ],
          "PACK_SIZE": "125G",
          "MAX_QTY": 10,
          "objectID": "5409962",
          "_highlightResult": {
            "ID": {
              "value": "910002379934",
              "matchLevel": "none",
              "matchedWords": []
            },
            "CIN": {
              "value": "5409962",
              "matchLevel": "none",
              "matchedWords": []
            },
            "NAME": {
              "value": "Spreadable Vintage <em>Cheese</em> Spread 125g",
              "matchLevel": "full",
              "fullyHighlighted": false,
              "matchedWords": ["cheese"]
            },
            "KEYWORDS": {
              "value": "strong",
              "matchLevel": "none",
              "matchedWords": []
            },
            "BRAND": {
              "value": "Seriously Spreadable",
              "matchLevel": "none",
              "matchedWords": []
            },
            "PRIMARY_TAXONOMY": {
              "AISLE_NAME": {
                "value": "Soft & Cottage <em>Cheese</em>",
                "matchLevel": "full",
                "fullyHighlighted": false,
                "matchedWords": ["cheese"]
              },
              "SHELF_NAME": {
                "value": "<em>Cheese</em> Spreads",
                "matchLevel": "full",
                "fullyHighlighted": false,
                "matchedWords": ["cheese"]
              }
            },
            "LIFESTYLES": [
              {
                "value": "Suitable for Vegetarians",
                "matchLevel": "none",
                "matchedWords": []
              }
            ]
          }
        },
        {
          "ID": "465888",
          "STATUS": "A",
          "PHARMACY_RESTRICTED": false,
          "CIN": "932662",
          "START_DATE": -2208945600.0,
          "END_DATE": 1924948800.0,
          "NAME": "Mini  Original Cheese Snacks 12 x 20g",
          "CS_YES": false,
          "SHOW_PRICE_CS": true,
          "SALES_TYPE": "Each",
          "IMAGE_ID": "3073780225960",
          "BRAND": "Mini Babybel",
          "IS_BWS": false,
          "IS_FROZEN": false,
          "IS_SPONSORED": false,
          "LABEL": "",
          "PRICES": {
            "EN": {
              "OFFER": "List",
              "PRICE": 3.55,
              "PRICEPERUOM": 14.79167,
              "PRICEPERUOMFORMATTED": "\u00a314.79/KG"
            }
          },
          "PRIMARY_TAXONOMY": {
            "CAT_ID": "1215660378320",
            "CAT_NAME": "Chilled Food",
            "DEPT_ID": "1215341805721",
            "DEPT_NAME": "Cheese",
            "AISLE_ID": "1215341805914",
            "AISLE_NAME": "Cheese Snacks & Lunchbox",
            "SHELF_ID": "1215341830101",
            "SHELF_NAME": "Cheese Snacking"
          },
          "IS_FTO": false,
          "PRODUCT_TYPE": "STANDARD",
          "AVG_RATING": 4.5596,
          "RATING_COUNT": 109.0,
          "ICONS": [
            {
              "ID": "51000002",
              "ICON_NAME": "801_NoShellfish",
              "CLICKABLE": false,
              "IMAGE_URL": "https://ui.assets-asda.com/dm/_000_Icon?&$Icon-wapp$",
              "START_DATE": 1551700800,
              "END_DATE": 1551873600,
              "PRIORITY": 10440.0
            }
          ],
          "PACK_SIZE": "240G",
          "MAX_QTY": 10,
          "objectID": "932662",
          "_highlightResult": {
            "ID": {
              "value": "465888",
              "matchLevel": "none",
              "matchedWords": []
            },
            "CIN": {
              "value": "932662",
              "matchLevel": "none",
              "matchedWords": []
            },
            "NAME": {
              "value": "Mini  Original <em>Cheese</em> Snacks 12 x 20g",
              "matchLevel": "full",
              "fullyHighlighted": false,
              "matchedWords": ["cheese"]
            },
            "KEYWORDS": {
              "value": "picnic,kids snacks,snacks,packed lunch,pack lunch",
              "matchLevel": "none",
              "matchedWords": []
            },
            "BRAND": {
              "value": "Mini Babybel",
              "matchLevel": "none",
              "matchedWords": []
            },
            "PRIMARY_TAXONOMY": {
              "AISLE_NAME": {
                "value": "<em>Cheese</em> Snacks & Lunchbox",
                "matchLevel": "full",
                "fullyHighlighted": false,
                "matchedWords": ["cheese"]
              },
              "SHELF_NAME": {
                "value": "<em>Cheese</em> Snacking",
                "matchLevel": "full",
                "fullyHighlighted": false,
                "matchedWords": ["cheese"]
              }
            }
          }
        },
        {
          "ID": "1000321309809",
          "STATUS": "A",
          "PHARMACY_RESTRICTED": false,
          "CIN": "7148107",
          "START_DATE": 1634644800.0,
          "END_DATE": 1924948800.0,
          "NAME": "Original Cheese 140g",
          "CS_YES": false,
          "SHOW_PRICE_CS": true,
          "SALES_TYPE": "Each",
          "IMAGE_ID": "5016049086047",
          "BRAND": "Primula",
          "IS_BWS": false,
          "IS_FROZEN": false,
          "IS_SPONSORED": false,
          "LABEL": "",
          "PRICES": {
            "EN": {
              "OFFER": "List",
              "PRICE": 1.84,
              "PRICEPERUOM": 13.14286,
              "PRICEPERUOMFORMATTED": "\u00a313.14/KG"
            }
          },
          "PRIMARY_TAXONOMY": {
            "CAT_ID": "1215660378320",
            "CAT_NAME": "Chilled Food",
            "DEPT_ID": "1215341805721",
            "DEPT_NAME": "Cheese",
            "AISLE_ID": "1215341805865",
            "AISLE_NAME": "Soft & Cottage Cheese",
            "SHELF_ID": "1215341810422",
            "SHELF_NAME": "Cheese Spreads"
          },
          "IS_FTO": false,
          "PRODUCT_TYPE": "STANDARD",
          "AVG_RATING": 4.5926,
          "RATING_COUNT": 54.0,
          "ICONS": [
            {
              "ID": "51000002",
              "ICON_NAME": "801_NoShellfish",
              "CLICKABLE": false,
              "IMAGE_URL": "https://ui.assets-asda.com/dm/_000_Icon?&$Icon-wapp$",
              "START_DATE": 1551700800,
              "END_DATE": 1551873600,
              "PRIORITY": 10440.0
            }
          ],
          "PACK_SIZE": "140G",
          "MAX_QTY": 10,
          "objectID": "7148107",
          "_highlightResult": {
            "ID": {
              "value": "1000321309809",
              "matchLevel": "none",
              "matchedWords": []
            },
            "CIN": {
              "value": "7148107",
              "matchLevel": "none",
              "matchedWords": []
            },
            "NAME": {
              "value": "Original <em>Cheese</em> 140g",
              "matchLevel": "full",
              "fullyHighlighted": false,
              "matchedWords": ["cheese"]
            },
            "BRAND": {
              "value": "Primula",
              "matchLevel": "none",
              "matchedWords": []
            },
            "PRIMARY_TAXONOMY": {
              "AISLE_NAME": {
                "value": "Soft & Cottage <em>Cheese</em>",
                "matchLevel": "full",
                "fullyHighlighted": false,
                "matchedWords": ["cheese"]
              },
              "SHELF_NAME": {
                "value": "<em>Cheese</em> Spreads",
                "matchLevel": "full",
                "fullyHighlighted": false,
                "matchedWords": ["cheese"]
              }
            },
            "LIFESTYLES": [
              {
                "value": "Suitable for Vegetarians",
                "matchLevel": "none",
                "matchedWords": []
              },
              {
                "value": "Gluten free",
                "matchLevel": "none",
                "matchedWords": []
              }
            ]
          }
        },
        {
          "ID": "910001440140",
          "STATUS": "I",
          "PHARMACY_RESTRICTED": false,
          "CIN": "4767740",
          "START_DATE": -2208945600.0,
          "END_DATE": 1924948800.0,
          "NAME": "Cheese Spread 270g",
          "CS_YES": false,
          "SHOW_PRICE_CS": true,
          "SALES_TYPE": "Each",
          "IMAGE_ID": "7622210318985",
          "BRAND": "Dairylea",
          "IS_BWS": false,
          "IS_FROZEN": false,
          "IS_SPONSORED": false,
          "LABEL": "",
          "PRICES": {
            "EN": {
              "OFFER": "List",
              "PRICE": 2.95,
              "PRICEPERUOM": 10.92593,
              "PRICEPERUOMFORMATTED": "\u00a310.93/KG"
            }
          },
          "PRIMARY_TAXONOMY": {
            "CAT_ID": "1215660378320",
            "CAT_NAME": "Chilled Food",
            "DEPT_ID": "1215341805721",
            "DEPT_NAME": "Cheese",
            "AISLE_ID": "1215341805865",
            "AISLE_NAME": "Soft & Cottage Cheese",
            "SHELF_ID": "1215341810422",
            "SHELF_NAME": "Cheese Spreads"
          },
          "IS_FTO": false,
          "PRODUCT_TYPE": "STANDARD",
          "AVG_RATING": 4.7361,
          "RATING_COUNT": 144.0,
          "PACK_SIZE": "270G",
          "MAX_QTY": 10,
          "objectID": "4767740",
          "_highlightResult": {
            "ID": {
              "value": "910001440140",
              "matchLevel": "none",
              "matchedWords": []
            },
            "CIN": {
              "value": "4767740",
              "matchLevel": "none",
              "matchedWords": []
            },
            "NAME": {
              "value": "<em>Cheese</em> Spread 270g",
              "matchLevel": "full",
              "fullyHighlighted": false,
              "matchedWords": ["cheese"]
            },
            "KEYWORDS": {
              "value": "packed lunch,pack lunch",
              "matchLevel": "none",
              "matchedWords": []
            },
            "BRAND": {
              "value": "Dairylea",
              "matchLevel": "none",
              "matchedWords": []
            },
            "PRIMARY_TAXONOMY": {
              "AISLE_NAME": {
                "value": "Soft & Cottage <em>Cheese</em>",
                "matchLevel": "full",
                "fullyHighlighted": false,
                "matchedWords": ["cheese"]
              },
              "SHELF_NAME": {
                "value": "<em>Cheese</em> Spreads",
                "matchLevel": "full",
                "fullyHighlighted": false,
                "matchedWords": ["cheese"]
              }
            }
          }
        },
        {
          "ID": "1000383199787",
          "STATUS": "A",
          "PHARMACY_RESTRICTED": false,
          "CIN": "9032674",
          "START_DATE": 1690459200.0,
          "END_DATE": 1924948800.0,
          "NAME": "Minis Mature Lighter Cheddar Cheese 6X20G",
          "CS_YES": false,
          "SHOW_PRICE_CS": true,
          "SALES_TYPE": "Each",
          "IMAGE_ID": "5000295147829",
          "BRAND": "Cathedral City",
          "IS_BWS": false,
          "IS_FROZEN": false,
          "IS_SPONSORED": false,
          "LABEL": "",
          "PRICES": {
            "EN": {
              "OFFER": "Dropped",
              "PRICE": 1.78,
              "WASPRICE": 2.1,
              "PRICEPERUOM": 14.83333,
              "PRICEPERUOMFORMATTED": "\u00a314.83/KG"
            }
          },
          "PRIMARY_TAXONOMY": {
            "CAT_ID": "1215660378320",
            "CAT_NAME": "Chilled Food",
            "DEPT_ID": "1215341805721",
            "DEPT_NAME": "Cheese",
            "AISLE_ID": "1215341805914",
            "AISLE_NAME": "Cheese Snacks & Lunchbox",
            "SHELF_ID": "1215341830101",
            "SHELF_NAME": "Cheese Snacking"
          },
          "IS_FTO": false,
          "PRODUCT_TYPE": "STANDARD",
          "AVG_RATING": 4.7619,
          "RATING_COUNT": 21.0,
          "PACK_SIZE": "6X20G",
          "MAX_QTY": 10,
          "objectID": "9032674",
          "_highlightResult": {
            "ID": {
              "value": "1000383199787",
              "matchLevel": "none",
              "matchedWords": []
            },
            "CIN": {
              "value": "9032674",
              "matchLevel": "none",
              "matchedWords": []
            },
            "NAME": {
              "value": "Minis Mature Lighter Cheddar <em>Cheese</em> 6X20G",
              "matchLevel": "full",
              "fullyHighlighted": false,
              "matchedWords": ["cheese"]
            },
            "KEYWORDS": {
              "value": "low fat <em>cheese</em>,cathedral city minis,mini cathedral city,mini <em>cheese</em>,snack <em>cheese</em>,<em>cheese</em> snacks",
              "matchLevel": "full",
              "fullyHighlighted": false,
              "matchedWords": ["cheese"]
            },
            "BRAND": {
              "value": "Cathedral City",
              "matchLevel": "none",
              "matchedWords": []
            },
            "PRIMARY_TAXONOMY": {
              "AISLE_NAME": {
                "value": "<em>Cheese</em> Snacks & Lunchbox",
                "matchLevel": "full",
                "fullyHighlighted": false,
                "matchedWords": ["cheese"]
              },
              "SHELF_NAME": {
                "value": "<em>Cheese</em> Snacking",
                "matchLevel": "full",
                "fullyHighlighted": false,
                "matchedWords": ["cheese"]
              }
            },
            "LIFESTYLES": [
              {
                "value": "Suitable for Vegetarians",
                "matchLevel": "none",
                "matchedWords": []
              }
            ]
          }
        },
        {
          "ID": "910000568204",
          "STATUS": "A",
          "PHARMACY_RESTRICTED": false,
          "CIN": "3894304",
          "START_DATE": -2208945600.0,
          "END_DATE": 1924948800.0,
          "NAME": "Grated Hard Cheese 80g",
          "CS_YES": false,
          "SHOW_PRICE_CS": true,
          "SALES_TYPE": "Each",
          "IMAGE_ID": "5052449516029",
          "BRAND": "ASDA",
          "IS_BWS": false,
          "IS_FROZEN": false,
          "IS_SPONSORED": false,
          "LABEL": "",
          "PRICES": {
            "EN": {
              "OFFER": "List",
              "PRICE": 1.25,
              "PRICEPERUOM": 1.5625,
              "PRICEPERUOMFORMATTED": "\u00a31.56/100GR"
            }
          },
          "PRIMARY_TAXONOMY": {
            "CAT_ID": "1215337189632",
            "CAT_NAME": "Food Cupboard",
            "DEPT_ID": "1215165877786",
            "DEPT_NAME": "Cooking Sauces, Meal Kits & Sides",
            "AISLE_ID": "1215664037798",
            "AISLE_NAME": "Italian Sauces & Ingredients",
            "SHELF_ID": "1215685011129",
            "SHELF_NAME": "White & Cheese Sauces"
          },
          "IS_FTO": false,
          "PRODUCT_TYPE": "STANDARD",
          "AVG_RATING": 3.7614,
          "RATING_COUNT": 88.0,
          "ICONS": [
            {
              "ID": "51000002",
              "ICON_NAME": "801_NoShellfish",
              "CLICKABLE": false,
              "IMAGE_URL": "https://ui.assets-asda.com/dm/_000_Icon?&$Icon-wapp$",
              "START_DATE": 1551700800,
              "END_DATE": 1551873600,
              "PRIORITY": 10440.0
            }
          ],
          "PACK_SIZE": "80G",
          "MAX_QTY": 10,
          "objectID": "3894304",
          "_highlightResult": {
            "ID": {
              "value": "910000568204",
              "matchLevel": "none",
              "matchedWords": []
            },
            "CIN": {
              "value": "3894304",
              "matchLevel": "none",
              "matchedWords": []
            },
            "NAME": {
              "value": "Grated Hard <em>Cheese</em> 80g",
              "matchLevel": "full",
              "fullyHighlighted": false,
              "matchedWords": ["cheese"]
            },
            "BRAND": {
              "value": "ASDA",
              "matchLevel": "none",
              "matchedWords": []
            },
            "PRIMARY_TAXONOMY": {
              "AISLE_NAME": {
                "value": "Italian Sauces & Ingredients",
                "matchLevel": "none",
                "matchedWords": []
              },
              "SHELF_NAME": {
                "value": "White & <em>Cheese</em> Sauces",
                "matchLevel": "full",
                "fullyHighlighted": false,
                "matchedWords": ["cheese"]
              }
            }
          }
        },
        {
          "ID": "1000345488031",
          "STATUS": "A",
          "PHARMACY_RESTRICTED": false,
          "CIN": "7247773",
          "START_DATE": 1641297600.0,
          "END_DATE": 1924948800.0,
          "NAME": "Grated Parmigiano Reggiano 100g",
          "CS_YES": false,
          "SHOW_PRICE_CS": true,
          "SALES_TYPE": "Each",
          "IMAGE_ID": "5057172782116",
          "BRAND": "ASDA",
          "IS_BWS": false,
          "IS_FROZEN": false,
          "IS_SPONSORED": false,
          "LABEL": "",
          "PRICES": {
            "EN": {
              "OFFER": "List",
              "PRICE": 2.74,
              "PRICEPERUOM": 27.4,
              "PRICEPERUOMFORMATTED": "\u00a327.40/KG"
            }
          },
          "PRIMARY_TAXONOMY": {
            "CAT_ID": "1215660378320",
            "CAT_NAME": "Chilled Food",
            "DEPT_ID": "1215341805721",
            "DEPT_NAME": "Cheese",
            "AISLE_ID": "1215341806015",
            "AISLE_NAME": "Continental Cheese",
            "SHELF_ID": "1215627294585",
            "SHELF_NAME": "Parmesan & Hard Cheese"
          },
          "IS_FTO": false,
          "PRODUCT_TYPE": "STANDARD",
          "AVG_RATING": 4.5493,
          "RATING_COUNT": 71.0,
          "ICONS": [
            {
              "ID": "51000002",
              "ICON_NAME": "801_NoShellfish",
              "CLICKABLE": false,
              "IMAGE_URL": "https://ui.assets-asda.com/dm/_000_Icon?&$Icon-wapp$",
              "START_DATE": 1551700800,
              "END_DATE": 1551873600,
              "PRIORITY": 10440.0
            },
            {
              "ID": "59600445",
              "ICON_NAME": "M&S Taste Match",
              "CLICKABLE": true,
              "IMAGE_URL": "https://ui.assets-asda.com/dm/M-S-Taste-Match-Icon?",
              "START_DATE": 1695643200,
              "END_DATE": 1725019200,
              "PRIORITY": 70.0
            }
          ],
          "PACK_SIZE": "100G",
          "MAX_QTY": 10,
          "objectID": "7247773",
          "_highlightResult": {
            "ID": {
              "value": "1000345488031",
              "matchLevel": "none",
              "matchedWords": []
            },
            "CIN": {
              "value": "7247773",
              "matchLevel": "none",
              "matchedWords": []
            },
            "NAME": {
              "value": "Grated Parmigiano Reggiano 100g",
              "matchLevel": "none",
              "matchedWords": []
            },
            "KEYWORDS": {
              "value": "M&S taste match,taste match,M&S Taste match,taste match",
              "matchLevel": "none",
              "matchedWords": []
            },
            "BRAND": {
              "value": "ASDA",
              "matchLevel": "none",
              "matchedWords": []
            },
            "PRIMARY_TAXONOMY": {
              "AISLE_NAME": {
                "value": "Continental <em>Cheese</em>",
                "matchLevel": "full",
                "fullyHighlighted": false,
                "matchedWords": ["cheese"]
              },
              "SHELF_NAME": {
                "value": "Parmesan & Hard <em>Cheese</em>",
                "matchLevel": "full",
                "fullyHighlighted": false,
                "matchedWords": ["cheese"]
              }
            }
          }
        },
        {
          "ID": "1000383274211",
          "STATUS": "A",
          "PHARMACY_RESTRICTED": false,
          "CIN": "9227119",
          "START_DATE": 1752840000.0,
          "END_DATE": 1924948800.0,
          "NAME": "Mozzarella 210g",
          "CS_YES": false,
          "SHOW_PRICE_CS": true,
          "SALES_TYPE": "Each",
          "IMAGE_ID": "5063089868102",
          "BRAND": "JUST ESSENTIALS by ASDA",
          "IS_BWS": false,
          "IS_FROZEN": false,
          "IS_SPONSORED": false,
          "LABEL": "New",
          "LABEL_START_DATE": 1751673600.0,
          "LABEL_END_DATE": 1759449600.0,
          "PRICES": {
            "EN": {
              "OFFER": "List",
              "PRICE": 0.69,
              "PRICEPERUOM": 5.52,
              "PRICEPERUOMFORMATTED": "\u00a35.52/KG"
            }
          },
          "PRIMARY_TAXONOMY": {
            "CAT_ID": "1215660378320",
            "CAT_NAME": "Chilled Food",
            "DEPT_ID": "1215341805721",
            "DEPT_NAME": "Cheese",
            "AISLE_ID": "1215341806015",
            "AISLE_NAME": "Continental Cheese",
            "SHELF_ID": "1215341830518",
            "SHELF_NAME": "Mozzarella & Mascarpone"
          },
          "IS_FTO": false,
          "PRODUCT_TYPE": "STANDARD",
          "AVG_RATING": 5.0,
          "RATING_COUNT": 4.0,
          "PACK_SIZE": "125g",
          "MAX_QTY": 10,
          "objectID": "9227119",
          "_highlightResult": {
            "ID": {
              "value": "1000383274211",
              "matchLevel": "none",
              "matchedWords": []
            },
            "CIN": {
              "value": "9227119",
              "matchLevel": "none",
              "matchedWords": []
            },
            "NAME": {
              "value": "Mozzarella 210g",
              "matchLevel": "none",
              "matchedWords": []
            },
            "BRAND": {
              "value": "JUST ESSENTIALS by ASDA",
              "matchLevel": "none",
              "matchedWords": []
            },
            "PRIMARY_TAXONOMY": {
              "AISLE_NAME": {
                "value": "Continental <em>Cheese</em>",
                "matchLevel": "full",
                "fullyHighlighted": false,
                "matchedWords": ["cheese"]
              },
              "SHELF_NAME": {
                "value": "Mozzarella & Mascarpone",
                "matchLevel": "none",
                "matchedWords": []
              }
            },
            "LIFESTYLES": [
              {
                "value": "Suitable for Vegetarians",
                "matchLevel": "none",
                "matchedWords": []
              }
            ]
          }
        },
        {
          "ID": "1000242609329",
          "STATUS": "A",
          "PHARMACY_RESTRICTED": false,
          "CIN": "6793882",
          "START_DATE": 1603195200.0,
          "END_DATE": 1924948800.0,
          "NAME": "British Half Fat Mature Cheddar 400g",
          "CS_YES": false,
          "SHOW_PRICE_CS": true,
          "SALES_TYPE": "Each",
          "IMAGE_ID": "5057172404537",
          "BRAND": "ASDA",
          "IS_BWS": false,
          "IS_FROZEN": false,
          "IS_SPONSORED": false,
          "LABEL": "",
          "PRICES": {
            "EN": {
              "OFFER": "List",
              "PRICE": 3.0,
              "PRICEPERUOM": 7.5,
              "PRICEPERUOMFORMATTED": "\u00a37.50/KG"
            }
          },
          "PRIMARY_TAXONOMY": {
            "CAT_ID": "1215660378320",
            "CAT_NAME": "Chilled Food",
            "DEPT_ID": "1215341805721",
            "DEPT_NAME": "Cheese",
            "AISLE_ID": "1215685771343",
            "AISLE_NAME": "Lower Fat Cheese",
            "SHELF_ID": "1215624110531",
            "SHELF_NAME": "Lower Fat Cheese"
          },
          "IS_FTO": false,
          "PRODUCT_TYPE": "STANDARD",
          "AVG_RATING": 4.2969,
          "RATING_COUNT": 128.0,
          "PROMOS": {
            "EN": [
              {
                "ID": "10000680018",
                "NAME": "Any 2 for \u00a35",
                "END_DATE": 1855007999.0,
                "START_DATE": 1763596800.0,
                "TYPE": 15
              }
            ]
          },
          "ICONS": [
            {
              "ID": "51000002",
              "ICON_NAME": "801_NoShellfish",
              "CLICKABLE": false,
              "IMAGE_URL": "https://ui.assets-asda.com/dm/_000_Icon?&$Icon-wapp$",
              "START_DATE": 1551700800,
              "END_DATE": 1551873600,
              "PRIORITY": 10440.0
            },
            {
              "ID": "55200006",
              "ICON_NAME": "_008_RedTractorAUTO",
              "CLICKABLE": true,
              "IMAGE_URL": "https://ui.assets-asda.com/dm/_008_redtractor?&$icon-wapp$",
              "START_DATE": 1609329600,
              "END_DATE": 1682510400,
              "PRIORITY": 5354.0
            },
            {
              "ID": "59600427",
              "ICON_NAME": "International Cheese & Dairy Awards Silver Award Winner 2023",
              "CLICKABLE": true,
              "IMAGE_URL": "https://ui.assets-asda.com/dm/_927_silvercheesedairyawards23?",
              "START_DATE": 1690545600,
              "END_DATE": 1911470400,
              "PRIORITY": 187.0
            },
            {
              "ID": "1215429129918",
              "ICON_NAME": "_043_British",
              "CLICKABLE": true,
              "IMAGE_URL": "https://ui.assets-asda.com/dm/_043_british?",
              "END_DATE": 1682510400,
              "PRIORITY": 5435.0
            },
            {
              "ID": "1215559958453",
              "ICON_NAME": "_122_farmerowned",
              "CLICKABLE": true,
              "IMAGE_URL": "https://ui.assets-asda.com/dm/_122_farmerowned?",
              "END_DATE": 1682510400,
              "PRIORITY": 1562.0
            }
          ],
          "PACK_SIZE": "400G",
          "MAX_QTY": 10,
          "objectID": "6793882",
          "_highlightResult": {
            "ID": {
              "value": "1000242609329",
              "matchLevel": "none",
              "matchedWords": []
            },
            "CIN": {
              "value": "6793882",
              "matchLevel": "none",
              "matchedWords": []
            },
            "NAME": {
              "value": "British Half Fat Mature Cheddar 400g",
              "matchLevel": "none",
              "matchedWords": []
            },
            "KEYWORDS": {
              "value": "low fat <em>cheese</em>,Block <em>cheese</em>",
              "matchLevel": "full",
              "fullyHighlighted": false,
              "matchedWords": ["cheese"]
            },
            "BRAND": {
              "value": "ASDA",
              "matchLevel": "none",
              "matchedWords": []
            },
            "PRIMARY_TAXONOMY": {
              "AISLE_NAME": {
                "value": "Lower Fat <em>Cheese</em>",
                "matchLevel": "full",
                "fullyHighlighted": false,
                "matchedWords": ["cheese"]
              },
              "SHELF_NAME": {
                "value": "Lower Fat <em>Cheese</em>",
                "matchLevel": "full",
                "fullyHighlighted": false,
                "matchedWords": ["cheese"]
              }
            },
            "LIFESTYLES": [
              {
                "value": "Suitable for Vegetarians",
                "matchLevel": "none",
                "matchedWords": []
              }
            ]
          }
        },
        {
          "ID": "39070",
          "STATUS": "A",
          "PHARMACY_RESTRICTED": false,
          "CIN": "458466",
          "START_DATE": -2208945600.0,
          "END_DATE": 1924862400.0,
          "NAME": "Yorkshire Cottage Cheese Natural 250g",
          "CS_YES": false,
          "SHOW_PRICE_CS": true,
          "SALES_TYPE": "Each",
          "IMAGE_ID": "5010578008020",
          "BRAND": "Longley Farm",
          "IS_BWS": false,
          "IS_FROZEN": false,
          "IS_SPONSORED": false,
          "LABEL": "",
          "PRICES": {
            "EN": {
              "OFFER": "List",
              "PRICE": 1.73,
              "PRICEPERUOM": 0.692,
              "PRICEPERUOMFORMATTED": "69.2p/100GR"
            }
          },
          "PRIMARY_TAXONOMY": {
            "CAT_ID": "1215660378320",
            "CAT_NAME": "Chilled Food",
            "DEPT_ID": "1215341805721",
            "DEPT_NAME": "Cheese",
            "AISLE_ID": "1215341805865",
            "AISLE_NAME": "Soft & Cottage Cheese",
            "SHELF_ID": "1215341810362",
            "SHELF_NAME": "Cottage Cheese & Quark"
          },
          "IS_FTO": false,
          "PRODUCT_TYPE": "STANDARD",
          "AVG_RATING": 4.8586,
          "RATING_COUNT": 198.0,
          "ICONS": [
            {
              "ID": "51000002",
              "ICON_NAME": "801_NoShellfish",
              "CLICKABLE": false,
              "IMAGE_URL": "https://ui.assets-asda.com/dm/_000_Icon?&$Icon-wapp$",
              "START_DATE": 1551700800,
              "END_DATE": 1551873600,
              "PRIORITY": 10440.0
            },
            {
              "ID": "59600051",
              "ICON_NAME": "Typically fresh for 10 days",
              "CLICKABLE": true,
              "IMAGE_URL": "https://ui.assets-asda.com/dm/produce-10-days-icon?",
              "START_DATE": 1625227200,
              "END_DATE": 1914408000,
              "PRIORITY": 35.0
            },
            {
              "ID": "1215429129918",
              "ICON_NAME": "_043_British",
              "CLICKABLE": true,
              "IMAGE_URL": "https://ui.assets-asda.com/dm/_043_british?",
              "END_DATE": 1682510400,
              "PRIORITY": 5435.0
            }
          ],
          "PACK_SIZE": "250G",
          "MAX_QTY": 10,
          "objectID": "458466",
          "_highlightResult": {
            "ID": {
              "value": "39070",
              "matchLevel": "none",
              "matchedWords": []
            },
            "CIN": {
              "value": "458466",
              "matchLevel": "none",
              "matchedWords": []
            },
            "NAME": {
              "value": "Yorkshire Cottage <em>Cheese</em> Natural 250g",
              "matchLevel": "full",
              "fullyHighlighted": false,
              "matchedWords": ["cheese"]
            },
            "BRAND": {
              "value": "Longley Farm",
              "matchLevel": "none",
              "matchedWords": []
            },
            "PRIMARY_TAXONOMY": {
              "AISLE_NAME": {
                "value": "Soft & Cottage <em>Cheese</em>",
                "matchLevel": "full",
                "fullyHighlighted": false,
                "matchedWords": ["cheese"]
              },
              "SHELF_NAME": {
                "value": "Cottage <em>Cheese</em> & Quark",
                "matchLevel": "full",
                "fullyHighlighted": false,
                "matchedWords": ["cheese"]
              }
            },
            "LIFESTYLES": [
              {
                "value": "Gluten free",
                "matchLevel": "none",
                "matchedWords": []
              },
              {
                "value": "Suitable for Vegetarians",
                "matchLevel": "none",
                "matchedWords": []
              }
            ]
          }
        },
        {
          "ID": "910002124224",
          "STATUS": "I",
          "PHARMACY_RESTRICTED": false,
          "CIN": "5242241",
          "START_DATE": 1446984000.0,
          "END_DATE": 1760455482.0,
          "NAME": "Blue Cheese",
          "CS_YES": false,
          "SHOW_PRICE_CS": true,
          "SALES_TYPE": "Each",
          "IMAGE_ID": "3341500006008",
          "BRAND": "Saint Agur",
          "IS_BWS": false,
          "IS_FROZEN": false,
          "IS_SPONSORED": false,
          "LABEL": "",
          "PRICES": {
            "EN": {
              "OFFER": "List",
              "PRICE": 2.33,
              "PRICEPERUOM": 18.64,
              "PRICEPERUOMFORMATTED": "\u00a318.64/KG"
            }
          },
          "PRIMARY_TAXONOMY": {
            "CAT_ID": "1215660378320",
            "CAT_NAME": "Chilled Food",
            "DEPT_ID": "1215341805721",
            "DEPT_NAME": "Cheese",
            "AISLE_ID": "1215686355503",
            "AISLE_NAME": "Cheeseboard & Speciality Cheese",
            "SHELF_ID": "1215341830398",
            "SHELF_NAME": "Blue & Stilton"
          },
          "IS_FTO": false,
          "PRODUCT_TYPE": "STANDARD",
          "AVG_RATING": 4.8704,
          "RATING_COUNT": 54.0,
          "PACK_SIZE": "125G",
          "MAX_QTY": 10,
          "objectID": "5242241",
          "_highlightResult": {
            "ID": {
              "value": "910002124224",
              "matchLevel": "none",
              "matchedWords": []
            },
            "CIN": {
              "value": "5242241",
              "matchLevel": "none",
              "matchedWords": []
            },
            "NAME": {
              "value": "Blue <em>Cheese</em>",
              "matchLevel": "full",
              "fullyHighlighted": false,
              "matchedWords": ["cheese"]
            },
            "KEYWORDS": {
              "value": "board,st agur",
              "matchLevel": "none",
              "matchedWords": []
            },
            "BRAND": {
              "value": "Saint Agur",
              "matchLevel": "none",
              "matchedWords": []
            },
            "PRIMARY_TAXONOMY": {
              "AISLE_NAME": {
                "value": "<em>Cheese</em>board & Speciality <em>Cheese</em>",
                "matchLevel": "full",
                "fullyHighlighted": false,
                "matchedWords": ["cheese"]
              },
              "SHELF_NAME": {
                "value": "Blue & Stilton",
                "matchLevel": "none",
                "matchedWords": []
              }
            }
          }
        },
        {
          "ID": "910001257216",
          "STATUS": "A",
          "PHARMACY_RESTRICTED": false,
          "CIN": "4545227",
          "START_DATE": -2208945600.0,
          "END_DATE": 1924948800.0,
          "NAME": "10 Mozzarella Slices 220g",
          "CS_YES": false,
          "SHOW_PRICE_CS": true,
          "SALES_TYPE": "Each",
          "IMAGE_ID": "5054070150290",
          "BRAND": "ASDA",
          "IS_BWS": false,
          "IS_FROZEN": false,
          "IS_SPONSORED": false,
          "LABEL": "",
          "PRICES": {
            "EN": {
              "OFFER": "List",
              "PRICE": 2.54,
              "PRICEPERUOM": 11.54545,
              "PRICEPERUOMFORMATTED": "\u00a311.55/KG"
            }
          },
          "PRIMARY_TAXONOMY": {
            "CAT_ID": "1215660378320",
            "CAT_NAME": "Chilled Food",
            "DEPT_ID": "1215341805721",
            "DEPT_NAME": "Cheese",
            "AISLE_ID": "1215341805765",
            "AISLE_NAME": "Cheddar & Regional Cheese",
            "SHELF_ID": "1215626750653",
            "SHELF_NAME": "Grated & Sliced Cheese"
          },
          "IS_FTO": false,
          "PRODUCT_TYPE": "STANDARD",
          "AVG_RATING": 4.3378,
          "RATING_COUNT": 74.0,
          "PROMOS": {
            "EN": [
              {
                "ID": "10000761871",
                "NAME": "Any 2 for \u00a34.50",
                "END_DATE": 1769126399.0,
                "START_DATE": 1767139200.0,
                "TYPE": 15
              }
            ]
          },
          "ICONS": [
            {
              "ID": "51000002",
              "ICON_NAME": "801_NoShellfish",
              "CLICKABLE": false,
              "IMAGE_URL": "https://ui.assets-asda.com/dm/_000_Icon?&$Icon-wapp$",
              "START_DATE": 1551700800,
              "END_DATE": 1551873600,
              "PRIORITY": 10440.0
            },
            {
              "ID": "59600445",
              "ICON_NAME": "M&S Taste Match",
              "CLICKABLE": true,
              "IMAGE_URL": "https://ui.assets-asda.com/dm/M-S-Taste-Match-Icon?",
              "START_DATE": 1695643200,
              "END_DATE": 1725019200,
              "PRIORITY": 70.0
            }
          ],
          "PACK_SIZE": "220G",
          "MAX_QTY": 10,
          "objectID": "4545227",
          "_highlightResult": {
            "ID": {
              "value": "910001257216",
              "matchLevel": "none",
              "matchedWords": []
            },
            "CIN": {
              "value": "4545227",
              "matchLevel": "none",
              "matchedWords": []
            },
            "NAME": {
              "value": "10 Mozzarella Slices 220g",
              "matchLevel": "none",
              "matchedWords": []
            },
            "KEYWORDS": {
              "value": "M&S taste match,taste match,M&S Taste match,taste match,burger <em>cheese</em>",
              "matchLevel": "full",
              "fullyHighlighted": false,
              "matchedWords": ["cheese"]
            },
            "BRAND": {
              "value": "ASDA",
              "matchLevel": "none",
              "matchedWords": []
            },
            "PRIMARY_TAXONOMY": {
              "AISLE_NAME": {
                "value": "Cheddar & Regional <em>Cheese</em>",
                "matchLevel": "full",
                "fullyHighlighted": false,
                "matchedWords": ["cheese"]
              },
              "SHELF_NAME": {
                "value": "Grated & Sliced <em>Cheese</em>",
                "matchLevel": "full",
                "fullyHighlighted": false,
                "matchedWords": ["cheese"]
              }
            },
            "LIFESTYLES": [
              {
                "value": "Suitable for Vegetarians",
                "matchLevel": "none",
                "matchedWords": []
              }
            ]
          }
        },
        {
          "ID": "1000284295980",
          "STATUS": "A",
          "PHARMACY_RESTRICTED": false,
          "CIN": "6981118",
          "START_DATE": 1617105600.0,
          "END_DATE": 1924948800.0,
          "NAME": "Somerset Brie 160g",
          "CS_YES": false,
          "SHOW_PRICE_CS": true,
          "SALES_TYPE": "Each",
          "IMAGE_ID": "5057172405169",
          "BRAND": "ASDA",
          "IS_BWS": false,
          "IS_FROZEN": false,
          "IS_SPONSORED": false,
          "LABEL": "",
          "PRICES": {
            "EN": {
              "OFFER": "List",
              "PRICE": 2.25,
              "PRICEPERUOM": 14.0625,
              "PRICEPERUOMFORMATTED": "\u00a314.06/KG"
            }
          },
          "PRIMARY_TAXONOMY": {
            "CAT_ID": "1215660378320",
            "CAT_NAME": "Chilled Food",
            "DEPT_ID": "1215341805721",
            "DEPT_NAME": "Cheese",
            "AISLE_ID": "1215341806015",
            "AISLE_NAME": "Continental Cheese",
            "SHELF_ID": "1215341830339",
            "SHELF_NAME": "Brie & Camembert"
          },
          "IS_FTO": false,
          "PRODUCT_TYPE": "STANDARD",
          "AVG_RATING": 4.1429,
          "RATING_COUNT": 56.0,
          "ICONS": [
            {
              "ID": "51000002",
              "ICON_NAME": "801_NoShellfish",
              "CLICKABLE": false,
              "IMAGE_URL": "https://ui.assets-asda.com/dm/_000_Icon?&$Icon-wapp$",
              "START_DATE": 1551700800,
              "END_DATE": 1551873600,
              "PRIORITY": 10440.0
            }
          ],
          "PACK_SIZE": "160G",
          "MAX_QTY": 10,
          "objectID": "6981118",
          "_highlightResult": {
            "ID": {
              "value": "1000284295980",
              "matchLevel": "none",
              "matchedWords": []
            },
            "CIN": {
              "value": "6981118",
              "matchLevel": "none",
              "matchedWords": []
            },
            "NAME": {
              "value": "Somerset Brie 160g",
              "matchLevel": "none",
              "matchedWords": []
            },
            "BRAND": {
              "value": "ASDA",
              "matchLevel": "none",
              "matchedWords": []
            },
            "PRIMARY_TAXONOMY": {
              "AISLE_NAME": {
                "value": "Continental <em>Cheese</em>",
                "matchLevel": "full",
                "fullyHighlighted": false,
                "matchedWords": ["cheese"]
              },
              "SHELF_NAME": {
                "value": "Brie & Camembert",
                "matchLevel": "none",
                "matchedWords": []
              }
            },
            "LIFESTYLES": [
              {
                "value": "Suitable for Vegetarians",
                "matchLevel": "none",
                "matchedWords": []
              }
            ]
          }
        },
        {
          "ID": "1000301160975",
          "STATUS": "A",
          "PHARMACY_RESTRICTED": false,
          "CIN": "7055900",
          "START_DATE": 1620129600.0,
          "END_DATE": 1924948800.0,
          "NAME": "Light Cheese Spread Triangles x16 240g",
          "CS_YES": false,
          "SHOW_PRICE_CS": true,
          "SALES_TYPE": "Each",
          "IMAGE_ID": "3073781160031",
          "BRAND": "The Laughing Cow",
          "IS_BWS": false,
          "IS_FROZEN": false,
          "IS_SPONSORED": false,
          "LABEL": "",
          "PRICES": {
            "EN": {
              "OFFER": "List",
              "PRICE": 2.95,
              "PRICEPERUOM": 12.29167,
              "PRICEPERUOMFORMATTED": "\u00a312.29/KG"
            }
          },
          "PRIMARY_TAXONOMY": {
            "CAT_ID": "1215660378320",
            "CAT_NAME": "Chilled Food",
            "DEPT_ID": "1215341805721",
            "DEPT_NAME": "Cheese",
            "AISLE_ID": "1215341805914",
            "AISLE_NAME": "Cheese Snacks & Lunchbox",
            "SHELF_ID": "1215341810482",
            "SHELF_NAME": "Cheese Triangles"
          },
          "IS_FTO": false,
          "PRODUCT_TYPE": "STANDARD",
          "AVG_RATING": 4.6404,
          "RATING_COUNT": 89.0,
          "ICONS": [
            {
              "ID": "51000002",
              "ICON_NAME": "801_NoShellfish",
              "CLICKABLE": false,
              "IMAGE_URL": "https://ui.assets-asda.com/dm/_000_Icon?&$Icon-wapp$",
              "START_DATE": 1551700800,
              "END_DATE": 1551873600,
              "PRIORITY": 10440.0
            },
            {
              "ID": "59600552",
              "ICON_NAME": "Tickled Pink 2025",
              "CLICKABLE": true,
              "IMAGE_URL": "https://ui.assets-asda.com/dm/250731_Icon_TickledPinkLogo?&$icon-wapp$",
              "START_DATE": 1757332800,
              "END_DATE": 1924948800,
              "PRIORITY": 4500.0
            }
          ],
          "PACK_SIZE": "240G",
          "MAX_QTY": 10,
          "objectID": "7055900",
          "_highlightResult": {
            "ID": {
              "value": "1000301160975",
              "matchLevel": "none",
              "matchedWords": []
            },
            "CIN": {
              "value": "7055900",
              "matchLevel": "none",
              "matchedWords": []
            },
            "NAME": {
              "value": "Light <em>Cheese</em> Spread Triangles x16 240g",
              "matchLevel": "full",
              "fullyHighlighted": false,
              "matchedWords": ["cheese"]
            },
            "KEYWORDS": {
              "value": "spread,<em>cheese</em> for crackers",
              "matchLevel": "full",
              "fullyHighlighted": false,
              "matchedWords": ["cheese"]
            },
            "BRAND": {
              "value": "The Laughing Cow",
              "matchLevel": "none",
              "matchedWords": []
            },
            "PRIMARY_TAXONOMY": {
              "AISLE_NAME": {
                "value": "<em>Cheese</em> Snacks & Lunchbox",
                "matchLevel": "full",
                "fullyHighlighted": false,
                "matchedWords": ["cheese"]
              },
              "SHELF_NAME": {
                "value": "<em>Cheese</em> Triangles",
                "matchLevel": "full",
                "fullyHighlighted": false,
                "matchedWords": ["cheese"]
              }
            },
            "LIFESTYLES": [
              {
                "value": "Suitable for Vegetarians",
                "matchLevel": "none",
                "matchedWords": []
              }
            ]
          }
        },
        {
          "ID": "1227172",
          "STATUS": "A",
          "PHARMACY_RESTRICTED": false,
          "CIN": "1130530",
          "START_DATE": 1446465600.0,
          "END_DATE": 1924948800.0,
          "NAME": "Light Soft Cheese Mini Tubs 140g (4 x 35g)",
          "CS_YES": false,
          "SHOW_PRICE_CS": true,
          "SALES_TYPE": "Each",
          "IMAGE_ID": "7622300205775",
          "BRAND": "Philadelphia",
          "IS_BWS": false,
          "IS_FROZEN": false,
          "IS_SPONSORED": false,
          "LABEL": "",
          "PRICES": {
            "EN": {
              "OFFER": "Dropped",
              "PRICE": 1.42,
              "WASPRICE": 1.62,
              "PRICEPERUOM": 10.14286,
              "PRICEPERUOMFORMATTED": "\u00a310.14/KG"
            }
          },
          "PRIMARY_TAXONOMY": {
            "CAT_ID": "1215660378320",
            "CAT_NAME": "Chilled Food",
            "DEPT_ID": "1215341805721",
            "DEPT_NAME": "Cheese",
            "AISLE_ID": "1215341805865",
            "AISLE_NAME": "Soft & Cottage Cheese",
            "SHELF_ID": "1215341810303",
            "SHELF_NAME": "Soft Cheese"
          },
          "IS_FTO": false,
          "PRODUCT_TYPE": "STANDARD",
          "AVG_RATING": 4.8095,
          "RATING_COUNT": 63.0,
          "PACK_SIZE": "140G",
          "MAX_QTY": 10,
          "objectID": "1130530",
          "_highlightResult": {
            "ID": {
              "value": "1227172",
              "matchLevel": "none",
              "matchedWords": []
            },
            "CIN": {
              "value": "1130530",
              "matchLevel": "none",
              "matchedWords": []
            },
            "NAME": {
              "value": "Light Soft <em>Cheese</em> Mini Tubs 140g (4 x 35g)",
              "matchLevel": "full",
              "fullyHighlighted": false,
              "matchedWords": ["cheese"]
            },
            "KEYWORDS": {
              "value": "low fat <em>cheese</em>",
              "matchLevel": "full",
              "fullyHighlighted": false,
              "matchedWords": ["cheese"]
            },
            "BRAND": {
              "value": "Philadelphia",
              "matchLevel": "none",
              "matchedWords": []
            },
            "PRIMARY_TAXONOMY": {
              "AISLE_NAME": {
                "value": "Soft & Cottage <em>Cheese</em>",
                "matchLevel": "full",
                "fullyHighlighted": false,
                "matchedWords": ["cheese"]
              },
              "SHELF_NAME": {
                "value": "Soft <em>Cheese</em>",
                "matchLevel": "full",
                "fullyHighlighted": false,
                "matchedWords": ["cheese"]
              }
            }
          }
        },
        {
          "ID": "910001084941",
          "STATUS": "A",
          "PHARMACY_RESTRICTED": false,
          "CIN": "4322193",
          "START_DATE": -2208945600.0,
          "END_DATE": 1924948800.0,
          "NAME": "Cathedral City Grated Mature Cheddar Cheese 180g",
          "CS_YES": false,
          "SHOW_PRICE_CS": true,
          "SALES_TYPE": "Each",
          "IMAGE_ID": "5000295145115",
          "BRAND": "Cathedral City",
          "IS_BWS": false,
          "IS_FROZEN": false,
          "IS_SPONSORED": false,
          "LABEL": "",
          "PRICES": {
            "EN": {
              "OFFER": "Dropped",
              "PRICE": 2.36,
              "WASPRICE": 2.36,
              "PRICEPERUOM": 13.11111,
              "PRICEPERUOMFORMATTED": "\u00a313.11/KG"
            }
          },
          "PRIMARY_TAXONOMY": {
            "CAT_ID": "1215660378320",
            "CAT_NAME": "Chilled Food",
            "DEPT_ID": "1215341805721",
            "DEPT_NAME": "Cheese",
            "AISLE_ID": "1215341805765",
            "AISLE_NAME": "Cheddar & Regional Cheese",
            "SHELF_ID": "1215626750653",
            "SHELF_NAME": "Grated & Sliced Cheese"
          },
          "IS_FTO": false,
          "PRODUCT_TYPE": "STANDARD",
          "AVG_RATING": 4.4265,
          "RATING_COUNT": 68.0,
          "ICONS": [
            {
              "ID": "51000002",
              "ICON_NAME": "801_NoShellfish",
              "CLICKABLE": false,
              "IMAGE_URL": "https://ui.assets-asda.com/dm/_000_Icon?&$Icon-wapp$",
              "START_DATE": 1551700800,
              "END_DATE": 1551873600,
              "PRIORITY": 10440.0
            },
            {
              "ID": "55000003",
              "ICON_NAME": "_151_UnionFlag",
              "CLICKABLE": false,
              "IMAGE_URL": "https://ui.assets-asda.comtest.jpg",
              "START_DATE": 1594728000,
              "END_DATE": 1600171200,
              "PRIORITY": 10427.0
            },
            {
              "ID": "55200006",
              "ICON_NAME": "_008_RedTractorAUTO",
              "CLICKABLE": true,
              "IMAGE_URL": "https://ui.assets-asda.com/dm/_008_redtractor?&$icon-wapp$",
              "START_DATE": 1609329600,
              "END_DATE": 1682510400,
              "PRIORITY": 5354.0
            },
            {
              "ID": "1215429129918",
              "ICON_NAME": "_043_British",
              "CLICKABLE": true,
              "IMAGE_URL": "https://ui.assets-asda.com/dm/_043_british?",
              "END_DATE": 1682510400,
              "PRIORITY": 5435.0
            }
          ],
          "PACK_SIZE": "180G",
          "MAX_QTY": 10,
          "objectID": "4322193",
          "_highlightResult": {
            "ID": {
              "value": "910001084941",
              "matchLevel": "none",
              "matchedWords": []
            },
            "CIN": {
              "value": "4322193",
              "matchLevel": "none",
              "matchedWords": []
            },
            "NAME": {
              "value": "Cathedral City Grated Mature Cheddar <em>Cheese</em> 180g",
              "matchLevel": "full",
              "fullyHighlighted": false,
              "matchedWords": ["cheese"]
            },
            "BRAND": {
              "value": "Cathedral City",
              "matchLevel": "none",
              "matchedWords": []
            },
            "PRIMARY_TAXONOMY": {
              "AISLE_NAME": {
                "value": "Cheddar & Regional <em>Cheese</em>",
                "matchLevel": "full",
                "fullyHighlighted": false,
                "matchedWords": ["cheese"]
              },
              "SHELF_NAME": {
                "value": "Grated & Sliced <em>Cheese</em>",
                "matchLevel": "full",
                "fullyHighlighted": false,
                "matchedWords": ["cheese"]
              }
            },
            "LIFESTYLES": [
              {
                "value": "Suitable for Vegetarians",
                "matchLevel": "none",
                "matchedWords": []
              }
            ]
          }
        },
        {
          "ID": "910000455358",
          "STATUS": "A",
          "PHARMACY_RESTRICTED": false,
          "CIN": "3658566",
          "START_DATE": 1314014400.0,
          "END_DATE": 1924948800.0,
          "NAME": "Mild Cheddar Cheese 350g",
          "CS_YES": false,
          "SHOW_PRICE_CS": true,
          "SALES_TYPE": "Each",
          "IMAGE_ID": "5000295142909",
          "BRAND": "Cathedral City",
          "IS_BWS": false,
          "IS_FROZEN": false,
          "IS_SPONSORED": false,
          "LABEL": "",
          "PRICES": {
            "EN": {
              "OFFER": "Rollback",
              "PRICE": 3.0,
              "WASPRICE": 3.58,
              "PRICEPERUOM": 8.57143,
              "PRICEPERUOMFORMATTED": "\u00a38.57/KG"
            }
          },
          "PRIMARY_TAXONOMY": {
            "CAT_ID": "1215660378320",
            "CAT_NAME": "Chilled Food",
            "DEPT_ID": "1215341805721",
            "DEPT_NAME": "Cheese",
            "AISLE_ID": "1215341805765",
            "AISLE_NAME": "Cheddar & Regional Cheese",
            "SHELF_ID": "1215341808640",
            "SHELF_NAME": "Mild & Medium Cheese"
          },
          "IS_FTO": false,
          "PRODUCT_TYPE": "STANDARD",
          "AVG_RATING": 4.5597,
          "RATING_COUNT": 134.0,
          "ICONS": [
            {
              "ID": "55000003",
              "ICON_NAME": "_151_UnionFlag",
              "CLICKABLE": false,
              "IMAGE_URL": "https://ui.assets-asda.comtest.jpg",
              "START_DATE": 1594728000,
              "END_DATE": 1600171200,
              "PRIORITY": 10427.0
            },
            {
              "ID": "55200006",
              "ICON_NAME": "_008_RedTractorAUTO",
              "CLICKABLE": true,
              "IMAGE_URL": "https://ui.assets-asda.com/dm/_008_redtractor?&$icon-wapp$",
              "START_DATE": 1609329600,
              "END_DATE": 1682510400,
              "PRIORITY": 5354.0
            }
          ],
          "PACK_SIZE": "350G",
          "MAX_QTY": 10,
          "objectID": "3658566",
          "_highlightResult": {
            "ID": {
              "value": "910000455358",
              "matchLevel": "none",
              "matchedWords": []
            },
            "CIN": {
              "value": "3658566",
              "matchLevel": "none",
              "matchedWords": []
            },
            "NAME": {
              "value": "Mild Cheddar <em>Cheese</em> 350g",
              "matchLevel": "full",
              "fullyHighlighted": false,
              "matchedWords": ["cheese"]
            },
            "BRAND": {
              "value": "Cathedral City",
              "matchLevel": "none",
              "matchedWords": []
            },
            "PRIMARY_TAXONOMY": {
              "AISLE_NAME": {
                "value": "Cheddar & Regional <em>Cheese</em>",
                "matchLevel": "full",
                "fullyHighlighted": false,
                "matchedWords": ["cheese"]
              },
              "SHELF_NAME": {
                "value": "Mild & Medium <em>Cheese</em>",
                "matchLevel": "full",
                "fullyHighlighted": false,
                "matchedWords": ["cheese"]
              }
            },
            "LIFESTYLES": [
              {
                "value": "Suitable for Vegetarians",
                "matchLevel": "none",
                "matchedWords": []
              }
            ]
          }
        },
        {
          "ID": "910001076953",
          "STATUS": "A",
          "PHARMACY_RESTRICTED": false,
          "CIN": "4310168",
          "START_DATE": 1440417600.0,
          "END_DATE": 1924948800.0,
          "NAME": "Lighter Original Soft Cheese 200g",
          "CS_YES": false,
          "SHOW_PRICE_CS": true,
          "SALES_TYPE": "Each",
          "IMAGE_ID": "5052449755961",
          "BRAND": "ASDA",
          "IS_BWS": false,
          "IS_FROZEN": false,
          "IS_SPONSORED": false,
          "LABEL": "",
          "PRICES": {
            "EN": {
              "OFFER": "List",
              "PRICE": 1.48,
              "PRICEPERUOM": 7.4,
              "PRICEPERUOMFORMATTED": "\u00a37.40/KG"
            }
          },
          "PRIMARY_TAXONOMY": {
            "CAT_ID": "1215660378320",
            "CAT_NAME": "Chilled Food",
            "DEPT_ID": "1215341805721",
            "DEPT_NAME": "Cheese",
            "AISLE_ID": "1215341805865",
            "AISLE_NAME": "Soft & Cottage Cheese",
            "SHELF_ID": "1215341810303",
            "SHELF_NAME": "Soft Cheese"
          },
          "IS_FTO": false,
          "PRODUCT_TYPE": "STANDARD",
          "AVG_RATING": 4.2054,
          "RATING_COUNT": 112.0,
          "ICONS": [
            {
              "ID": "51000002",
              "ICON_NAME": "801_NoShellfish",
              "CLICKABLE": false,
              "IMAGE_URL": "https://ui.assets-asda.com/dm/_000_Icon?&$Icon-wapp$",
              "START_DATE": 1551700800,
              "END_DATE": 1551873600,
              "PRIORITY": 10440.0
            }
          ],
          "PACK_SIZE": "200G",
          "MAX_QTY": 10,
          "objectID": "4310168",
          "_highlightResult": {
            "ID": {
              "value": "910001076953",
              "matchLevel": "none",
              "matchedWords": []
            },
            "CIN": {
              "value": "4310168",
              "matchLevel": "none",
              "matchedWords": []
            },
            "NAME": {
              "value": "Lighter Original Soft <em>Cheese</em> 200g",
              "matchLevel": "full",
              "fullyHighlighted": false,
              "matchedWords": ["cheese"]
            },
            "KEYWORDS": {
              "value": "packed lunch,cream <em>cheese</em>,<em>cheese</em> spread",
              "matchLevel": "full",
              "fullyHighlighted": false,
              "matchedWords": ["cheese"]
            },
            "BRAND": {
              "value": "ASDA",
              "matchLevel": "none",
              "matchedWords": []
            },
            "PRIMARY_TAXONOMY": {
              "AISLE_NAME": {
                "value": "Soft & Cottage <em>Cheese</em>",
                "matchLevel": "full",
                "fullyHighlighted": false,
                "matchedWords": ["cheese"]
              },
              "SHELF_NAME": {
                "value": "Soft <em>Cheese</em>",
                "matchLevel": "full",
                "fullyHighlighted": false,
                "matchedWords": ["cheese"]
              }
            },
            "LIFESTYLES": [
              {
                "value": "Suitable for Vegetarians",
                "matchLevel": "none",
                "matchedWords": []
              }
            ]
          }
        },
        {
          "ID": "1000299625347",
          "STATUS": "A",
          "PHARMACY_RESTRICTED": false,
          "CIN": "7048101",
          "START_DATE": 1712577600.0,
          "END_DATE": 1924948800.0,
          "NAME": "Dunkers Nachos Cheese Snacks 6 Pack 258g",
          "CS_YES": false,
          "SHOW_PRICE_CS": true,
          "SALES_TYPE": "Each",
          "IMAGE_ID": "7622201143459",
          "BRAND": "Dairylea",
          "IS_BWS": false,
          "IS_FROZEN": false,
          "IS_SPONSORED": false,
          "LABEL": "",
          "PRICES": {
            "EN": {
              "OFFER": "Dropped",
              "PRICE": 2.5,
              "WASPRICE": 3.12,
              "PRICEPERUOM": 9.68992,
              "PRICEPERUOMFORMATTED": "\u00a39.69/KG"
            }
          },
          "PRIMARY_TAXONOMY": {
            "CAT_ID": "1215660378320",
            "CAT_NAME": "Chilled Food",
            "DEPT_ID": "1215341805721",
            "DEPT_NAME": "Cheese",
            "AISLE_ID": "1215341805914",
            "AISLE_NAME": "Cheese Snacks & Lunchbox",
            "SHELF_ID": "1215341810541",
            "SHELF_NAME": "Cheese Strips & Dunkers"
          },
          "IS_FTO": false,
          "PRODUCT_TYPE": "STANDARD",
          "AVG_RATING": 4.6111,
          "RATING_COUNT": 18.0,
          "PACK_SIZE": "6X43G",
          "MAX_QTY": 10,
          "objectID": "7048101",
          "_highlightResult": {
            "ID": {
              "value": "1000299625347",
              "matchLevel": "none",
              "matchedWords": []
            },
            "CIN": {
              "value": "7048101",
              "matchLevel": "none",
              "matchedWords": []
            },
            "NAME": {
              "value": "Dunkers Nachos <em>Cheese</em> Snacks 6 Pack 258g",
              "matchLevel": "full",
              "fullyHighlighted": false,
              "matchedWords": ["cheese"]
            },
            "BRAND": {
              "value": "Dairylea",
              "matchLevel": "none",
              "matchedWords": []
            },
            "PRIMARY_TAXONOMY": {
              "AISLE_NAME": {
                "value": "<em>Cheese</em> Snacks & Lunchbox",
                "matchLevel": "full",
                "fullyHighlighted": false,
                "matchedWords": ["cheese"]
              },
              "SHELF_NAME": {
                "value": "<em>Cheese</em> Strips & Dunkers",
                "matchLevel": "full",
                "fullyHighlighted": false,
                "matchedWords": ["cheese"]
              }
            }
          }
        },
        {
          "ID": "1000299625334",
          "STATUS": "A",
          "PHARMACY_RESTRICTED": false,
          "CIN": "7048117",
          "START_DATE": 1625832000.0,
          "END_DATE": 1924948800.0,
          "NAME": "Snack Soft Cheese Dip & Breadsticks 3 Pack Multipack 126g (3 x 42g)",
          "CS_YES": false,
          "SHOW_PRICE_CS": true,
          "SALES_TYPE": "Each",
          "IMAGE_ID": "7622201443009",
          "BRAND": "Philadelphia",
          "IS_BWS": false,
          "IS_FROZEN": false,
          "IS_SPONSORED": false,
          "LABEL": "",
          "PRICES": {
            "EN": {
              "OFFER": "List",
              "PRICE": 1.42,
              "PRICEPERUOM": 11.26984,
              "PRICEPERUOMFORMATTED": "\u00a311.27/KG"
            }
          },
          "PRIMARY_TAXONOMY": {
            "CAT_ID": "1215660378320",
            "CAT_NAME": "Chilled Food",
            "DEPT_ID": "1215341805721",
            "DEPT_NAME": "Cheese",
            "AISLE_ID": "1215341805914",
            "AISLE_NAME": "Cheese Snacks & Lunchbox",
            "SHELF_ID": "1215341810541",
            "SHELF_NAME": "Cheese Strips & Dunkers"
          },
          "IS_FTO": false,
          "PRODUCT_TYPE": "STANDARD",
          "AVG_RATING": 4.6102,
          "RATING_COUNT": 59.0,
          "ICONS": [
            {
              "ID": "51000002",
              "ICON_NAME": "801_NoShellfish",
              "CLICKABLE": false,
              "IMAGE_URL": "https://ui.assets-asda.com/dm/_000_Icon?&$Icon-wapp$",
              "START_DATE": 1551700800,
              "END_DATE": 1551873600,
              "PRIORITY": 10440.0
            }
          ],
          "PACK_SIZE": "3X42G",
          "MAX_QTY": 10,
          "objectID": "7048117",
          "_highlightResult": {
            "ID": {
              "value": "1000299625334",
              "matchLevel": "none",
              "matchedWords": []
            },
            "CIN": {
              "value": "7048117",
              "matchLevel": "none",
              "matchedWords": []
            },
            "NAME": {
              "value": "Snack Soft <em>Cheese</em> Dip & Breadsticks 3 Pack Multipack 126g (3 x 42g)",
              "matchLevel": "full",
              "fullyHighlighted": false,
              "matchedWords": ["cheese"]
            },
            "KEYWORDS": {
              "value": "low fat <em>cheese</em>",
              "matchLevel": "full",
              "fullyHighlighted": false,
              "matchedWords": ["cheese"]
            },
            "BRAND": {
              "value": "Philadelphia",
              "matchLevel": "none",
              "matchedWords": []
            },
            "PRIMARY_TAXONOMY": {
              "AISLE_NAME": {
                "value": "<em>Cheese</em> Snacks & Lunchbox",
                "matchLevel": "full",
                "fullyHighlighted": false,
                "matchedWords": ["cheese"]
              },
              "SHELF_NAME": {
                "value": "<em>Cheese</em> Strips & Dunkers",
                "matchLevel": "full",
                "fullyHighlighted": false,
                "matchedWords": ["cheese"]
              }
            }
          }
        },
        {
          "ID": "1000383214706",
          "STATUS": "I",
          "PHARMACY_RESTRICTED": false,
          "CIN": "9075900",
          "START_DATE": 1704196800.0,
          "END_DATE": 1924948800.0,
          "NAME": "Spreadable Original Cheese Spread 250g",
          "CS_YES": false,
          "SHOW_PRICE_CS": true,
          "SALES_TYPE": "Each",
          "IMAGE_ID": "5017838815763",
          "BRAND": "Seriously",
          "IS_BWS": false,
          "IS_FROZEN": false,
          "IS_SPONSORED": false,
          "LABEL": "",
          "PRICES": {
            "EN": {
              "OFFER": "List",
              "PRICE": 2.34,
              "PRICEPERUOM": 0.936,
              "PRICEPERUOMFORMATTED": "93.6p/100GR"
            }
          },
          "PRIMARY_TAXONOMY": {
            "CAT_ID": "1215660378320",
            "CAT_NAME": "Chilled Food",
            "DEPT_ID": "1215341805721",
            "DEPT_NAME": "Cheese",
            "AISLE_ID": "1215341805865",
            "AISLE_NAME": "Soft & Cottage Cheese",
            "SHELF_ID": "1215341810422",
            "SHELF_NAME": "Cheese Spreads"
          },
          "IS_FTO": false,
          "PRODUCT_TYPE": "STANDARD",
          "AVG_RATING": 4.6316,
          "RATING_COUNT": 19.0,
          "ICONS": [
            {
              "ID": "51000002",
              "ICON_NAME": "801_NoShellfish",
              "CLICKABLE": false,
              "IMAGE_URL": "https://ui.assets-asda.com/dm/_000_Icon?&$Icon-wapp$",
              "START_DATE": 1551700800,
              "END_DATE": 1551873600,
              "PRIORITY": 10440.0
            }
          ],
          "PACK_SIZE": "250G",
          "MAX_QTY": 10,
          "objectID": "9075900",
          "_highlightResult": {
            "ID": {
              "value": "1000383214706",
              "matchLevel": "none",
              "matchedWords": []
            },
            "CIN": {
              "value": "9075900",
              "matchLevel": "none",
              "matchedWords": []
            },
            "NAME": {
              "value": "Spreadable Original <em>Cheese</em> Spread 250g",
              "matchLevel": "full",
              "fullyHighlighted": false,
              "matchedWords": ["cheese"]
            },
            "BRAND": {
              "value": "Seriously",
              "matchLevel": "none",
              "matchedWords": []
            },
            "PRIMARY_TAXONOMY": {
              "AISLE_NAME": {
                "value": "Soft & Cottage <em>Cheese</em>",
                "matchLevel": "full",
                "fullyHighlighted": false,
                "matchedWords": ["cheese"]
              },
              "SHELF_NAME": {
                "value": "<em>Cheese</em> Spreads",
                "matchLevel": "full",
                "fullyHighlighted": false,
                "matchedWords": ["cheese"]
              }
            },
            "LIFESTYLES": [
              {
                "value": "Suitable for Vegetarians",
                "matchLevel": "none",
                "matchedWords": []
              }
            ]
          }
        },
        {
          "ID": "1000299625292",
          "STATUS": "A",
          "PHARMACY_RESTRICTED": false,
          "CIN": "7048105",
          "START_DATE": 1712577600.0,
          "END_DATE": 1924948800.0,
          "NAME": "Dunkers Ritz Crackers Cheese Snacks 258g  (6 x 43g)",
          "CS_YES": false,
          "SHOW_PRICE_CS": true,
          "SALES_TYPE": "Each",
          "IMAGE_ID": "7622201143305",
          "BRAND": "Dairylea",
          "IS_BWS": false,
          "IS_FROZEN": false,
          "IS_SPONSORED": false,
          "LABEL": "",
          "PRICES": {
            "EN": {
              "OFFER": "Dropped",
              "PRICE": 2.5,
              "WASPRICE": 3.12,
              "PRICEPERUOM": 9.68992,
              "PRICEPERUOMFORMATTED": "\u00a39.69/KG"
            }
          },
          "PRIMARY_TAXONOMY": {
            "CAT_ID": "1215660378320",
            "CAT_NAME": "Chilled Food",
            "DEPT_ID": "1215341805721",
            "DEPT_NAME": "Cheese",
            "AISLE_ID": "1215341805914",
            "AISLE_NAME": "Cheese Snacks & Lunchbox",
            "SHELF_ID": "1215341810541",
            "SHELF_NAME": "Cheese Strips & Dunkers"
          },
          "IS_FTO": false,
          "PRODUCT_TYPE": "STANDARD",
          "AVG_RATING": 4.76,
          "RATING_COUNT": 50.0,
          "PACK_SIZE": "6X43G",
          "MAX_QTY": 10,
          "objectID": "7048105",
          "_highlightResult": {
            "ID": {
              "value": "1000299625292",
              "matchLevel": "none",
              "matchedWords": []
            },
            "CIN": {
              "value": "7048105",
              "matchLevel": "none",
              "matchedWords": []
            },
            "NAME": {
              "value": "Dunkers Ritz Crackers <em>Cheese</em> Snacks 258g  (6 x 43g)",
              "matchLevel": "full",
              "fullyHighlighted": false,
              "matchedWords": ["cheese"]
            },
            "KEYWORDS": {
              "value": "packed lunch,<em>cheese</em> snacks",
              "matchLevel": "full",
              "fullyHighlighted": false,
              "matchedWords": ["cheese"]
            },
            "BRAND": {
              "value": "Dairylea",
              "matchLevel": "none",
              "matchedWords": []
            },
            "PRIMARY_TAXONOMY": {
              "AISLE_NAME": {
                "value": "<em>Cheese</em> Snacks & Lunchbox",
                "matchLevel": "full",
                "fullyHighlighted": false,
                "matchedWords": ["cheese"]
              },
              "SHELF_NAME": {
                "value": "<em>Cheese</em> Strips & Dunkers",
                "matchLevel": "full",
                "fullyHighlighted": false,
                "matchedWords": ["cheese"]
              }
            }
          }
        },
        {
          "ID": "1000195178657",
          "STATUS": "A",
          "PHARMACY_RESTRICTED": false,
          "CIN": "6630673",
          "START_DATE": 1579348800.0,
          "END_DATE": 1924948800.0,
          "NAME": "Cheese",
          "CS_YES": false,
          "SHOW_PRICE_CS": true,
          "SALES_TYPE": "Each",
          "IMAGE_ID": "5031153338530",
          "BRAND": "Monterey Jack",
          "IS_BWS": false,
          "IS_FROZEN": false,
          "IS_SPONSORED": false,
          "LABEL": "",
          "PRICES": {
            "EN": {
              "OFFER": "List",
              "PRICE": 2.65,
              "PRICEPERUOM": 13.25,
              "PRICEPERUOMFORMATTED": "\u00a313.25/KG"
            }
          },
          "PRIMARY_TAXONOMY": {
            "CAT_ID": "1215660378320",
            "CAT_NAME": "Chilled Food",
            "DEPT_ID": "1215341805721",
            "DEPT_NAME": "Cheese",
            "AISLE_ID": "1215341805765",
            "AISLE_NAME": "Cheddar & Regional Cheese",
            "SHELF_ID": "1215341808640",
            "SHELF_NAME": "Mild & Medium Cheese"
          },
          "IS_FTO": false,
          "PRODUCT_TYPE": "STANDARD",
          "AVG_RATING": 4.0909,
          "RATING_COUNT": 11.0,
          "ICONS": [
            {
              "ID": "51000002",
              "ICON_NAME": "801_NoShellfish",
              "CLICKABLE": false,
              "IMAGE_URL": "https://ui.assets-asda.com/dm/_000_Icon?&$Icon-wapp$",
              "START_DATE": 1551700800,
              "END_DATE": 1551873600,
              "PRIORITY": 10440.0
            }
          ],
          "PACK_SIZE": "200G",
          "MAX_QTY": 10,
          "objectID": "6630673",
          "_highlightResult": {
            "ID": {
              "value": "1000195178657",
              "matchLevel": "none",
              "matchedWords": []
            },
            "CIN": {
              "value": "6630673",
              "matchLevel": "none",
              "matchedWords": []
            },
            "NAME": {
              "value": "<em>Cheese</em>",
              "matchLevel": "full",
              "fullyHighlighted": true,
              "matchedWords": ["cheese"]
            },
            "BRAND": {
              "value": "Monterey Jack",
              "matchLevel": "none",
              "matchedWords": []
            },
            "PRIMARY_TAXONOMY": {
              "AISLE_NAME": {
                "value": "Cheddar & Regional <em>Cheese</em>",
                "matchLevel": "full",
                "fullyHighlighted": false,
                "matchedWords": ["cheese"]
              },
              "SHELF_NAME": {
                "value": "Mild & Medium <em>Cheese</em>",
                "matchLevel": "full",
                "fullyHighlighted": false,
                "matchedWords": ["cheese"]
              }
            }
          }
        },
        {
          "ID": "910003092828",
          "STATUS": "A",
          "PHARMACY_RESTRICTED": false,
          "CIN": "5796521",
          "START_DATE": 1669636800.0,
          "END_DATE": 1924948800.0,
          "NAME": "Cheese Tub 250g",
          "CS_YES": false,
          "SHOW_PRICE_CS": true,
          "SALES_TYPE": "Each",
          "IMAGE_ID": "5060414535333",
          "BRAND": "Cheese",
          "IS_BWS": false,
          "IS_FROZEN": false,
          "IS_SPONSORED": false,
          "LABEL": "",
          "PRICES": {
            "EN": {
              "OFFER": "Dropped",
              "PRICE": 4.04,
              "WASPRICE": 4.2,
              "PRICEPERUOM": 16.16,
              "PRICEPERUOMFORMATTED": "\u00a316.16/KG"
            }
          },
          "PRIMARY_TAXONOMY": {
            "CAT_ID": "1215660378320",
            "CAT_NAME": "Chilled Food",
            "DEPT_ID": "1215341805721",
            "DEPT_NAME": "Cheese",
            "AISLE_ID": "1215341805765",
            "AISLE_NAME": "Cheddar & Regional Cheese",
            "SHELF_ID": "1215341808760",
            "SHELF_NAME": "Mature Cheese"
          },
          "IS_FTO": false,
          "PRODUCT_TYPE": "STANDARD",
          "AVG_RATING": 3.9143,
          "RATING_COUNT": 35.0,
          "ICONS": [
            {
              "ID": "51000002",
              "ICON_NAME": "801_NoShellfish",
              "CLICKABLE": false,
              "IMAGE_URL": "https://ui.assets-asda.com/dm/_000_Icon?&$Icon-wapp$",
              "START_DATE": 1551700800,
              "END_DATE": 1551873600,
              "PRIORITY": 10440.0
            }
          ],
          "PACK_SIZE": "250G",
          "MAX_QTY": 10,
          "objectID": "5796521",
          "_highlightResult": {
            "ID": {
              "value": "910003092828",
              "matchLevel": "none",
              "matchedWords": []
            },
            "CIN": {
              "value": "5796521",
              "matchLevel": "none",
              "matchedWords": []
            },
            "NAME": {
              "value": "<em>Cheese</em> Tub 250g",
              "matchLevel": "full",
              "fullyHighlighted": false,
              "matchedWords": ["cheese"]
            },
            "BRAND": {
              "value": "<em>Cheese</em>",
              "matchLevel": "full",
              "fullyHighlighted": true,
              "matchedWords": ["cheese"]
            },
            "PRIMARY_TAXONOMY": {
              "AISLE_NAME": {
                "value": "Cheddar & Regional <em>Cheese</em>",
                "matchLevel": "full",
                "fullyHighlighted": false,
                "matchedWords": ["cheese"]
              },
              "SHELF_NAME": {
                "value": "Mature <em>Cheese</em>",
                "matchLevel": "full",
                "fullyHighlighted": false,
                "matchedWords": ["cheese"]
              }
            },
            "LIFESTYLES": [
              {
                "value": "Suitable for Vegetarians",
                "matchLevel": "none",
                "matchedWords": []
              }
            ]
          }
        },
        {
          "ID": "1000383253672",
          "STATUS": "I",
          "PHARMACY_RESTRICTED": false,
          "CIN": "9189932",
          "START_DATE": 1741608000.0,
          "END_DATE": 1767528000.0,
          "NAME": "GRATED CHILLI CHEESE BLEND by ASDA 200g",
          "CS_YES": false,
          "SHOW_PRICE_CS": true,
          "SALES_TYPE": "Each",
          "IMAGE_ID": "5063089699706",
          "BRAND": "ASDA",
          "IS_BWS": false,
          "IS_FROZEN": false,
          "IS_SPONSORED": false,
          "LABEL": "",
          "PRICES": {
            "EN": {
              "OFFER": "List",
              "PRICE": 2.54,
              "PRICEPERUOM": 12.7,
              "PRICEPERUOMFORMATTED": "\u00a312.70/KG"
            }
          },
          "PRIMARY_TAXONOMY": {
            "CAT_ID": "1215660378320",
            "CAT_NAME": "Chilled Food",
            "DEPT_ID": "1215341805721",
            "DEPT_NAME": "Cheese",
            "AISLE_ID": "1215341805765",
            "AISLE_NAME": "Cheddar & Regional Cheese",
            "SHELF_ID": "1215626750653",
            "SHELF_NAME": "Grated & Sliced Cheese"
          },
          "IS_FTO": false,
          "PRODUCT_TYPE": "STANDARD",
          "AVG_RATING": 5.0,
          "RATING_COUNT": 1.0,
          "PROMOS": {
            "EN": [
              {
                "ID": "10000761871",
                "NAME": "Any 2 for \u00a34.50",
                "END_DATE": 1769126399.0,
                "START_DATE": 1767139200.0,
                "TYPE": 15
              }
            ]
          },
          "PACK_SIZE": "200G",
          "MAX_QTY": 10,
          "objectID": "9189932",
          "_highlightResult": {
            "ID": {
              "value": "1000383253672",
              "matchLevel": "none",
              "matchedWords": []
            },
            "CIN": {
              "value": "9189932",
              "matchLevel": "none",
              "matchedWords": []
            },
            "NAME": {
              "value": "GRATED CHILLI <em>CHEESE</em> BLEND by ASDA 200g",
              "matchLevel": "full",
              "fullyHighlighted": false,
              "matchedWords": ["cheese"]
            },
            "BRAND": {
              "value": "ASDA",
              "matchLevel": "none",
              "matchedWords": []
            },
            "PRIMARY_TAXONOMY": {
              "AISLE_NAME": {
                "value": "Cheddar & Regional <em>Cheese</em>",
                "matchLevel": "full",
                "fullyHighlighted": false,
                "matchedWords": ["cheese"]
              },
              "SHELF_NAME": {
                "value": "Grated & Sliced <em>Cheese</em>",
                "matchLevel": "full",
                "fullyHighlighted": false,
                "matchedWords": ["cheese"]
              }
            },
            "LIFESTYLES": [
              {
                "value": "Suitable for Vegetarians",
                "matchLevel": "none",
                "matchedWords": []
              }
            ]
          }
        }
      ],
      "nbHits": 2613,
      "page": 0,
      "nbPages": 27,
      "hitsPerPage": 100,
      "exhaustiveNbHits": true,
      "exhaustiveTypo": true,
      "exhaustive": { "nbHits": true, "typo": true },
      "query": "cheese",
      "params": "query=cheese&clickAnalytics=false&analytics=false&hitsPerPage=100&page=0&typoTolerance=true&removeWordsIfNoResults=allOptional&attributesToRetrieve=%5B%22STATUS%22%2C%22BRAND%22%2C%22CIN%22%2C%22NAME%22%2C%22AVG_RATING%22%2C%22RATING_COUNT%22%2C%22ICONS%22%2C%22PRICES.EN%22%2C%22SALES_TYPE%22%2C%22MAX_QTY%22%2C%22IS_FROZEN%22%2C%22IS_BWS%22%2C%22PROMOS.EN%22%2C%22LABEL%22%2C%22LABEL_START_DATE%22%2C%22LABEL_END_DATE%22%2C%22IS_SPONSORED%22%2C%22PRODUCT_TYPE%22%2C%22CIN_ID%22%2C%22PRIMARY_TAXONOMY%22%2C%22IMAGE_ID%22%2C%22PACK_SIZE%22%2C%22PHARMACY_RESTRICTED%22%2C%22CS_YES%22%2C%22CS_TEXT%22%2C%22IS_FTO%22%2C%22PURCHASE_START_DATE_FTO%22%2C%22PURCHASE_END_DATE_FTO%22%2C%22DELIVERY_SLOT_START_DATE_FTO%22%2C%22END_DATE%22%2C%22START_DATE%22%2C%22SIZE_DESC%22%2C%22REWARDS%22%2C%22SHOW_PRICE_CS%22%2C%22ID%22%5D&analyticsTags=%5B%22ext-alg%23query-category%3Aquery-matched%22%2C%22ext-alg%23auto-filter%3Ahas-boosts%22%2C%22ext-alg%23auto-filter%3Aenabled%22%5D&optionalFilters=%5B%22PRIMARY_TAXONOMY.CAT_NAME%3AChilled+Food%22%2C%22PRIMARY_TAXONOMY.DEPT_NAME%3ACheese%22%2C%22PRIMARY_TAXONOMY.AISLE_NAME%3ACheddar+%26+Regional+Cheese%22%5D&optionalFilters=%5B%22BRAND%3A-JUST+ESSENTIALS+by+ASDA%3Cscore%3D100%3E%22%5D",
      "index": "ASDA_PRODUCTS",
      "renderingContent": {},
      "extensions": {
        "queryCategorization": {
          "autofiltering": {
            "enabled": true,
            "maxDepth": 5,
            "facetFilters": [],
            "optionalFilters": [
              "PRIMARY_TAXONOMY.CAT_NAME:Chilled Food",
              "PRIMARY_TAXONOMY.DEPT_NAME:Cheese",
              "PRIMARY_TAXONOMY.AISLE_NAME:Cheddar & Regional Cheese"
            ]
          },
          "count": 2309705,
          "normalizedQuery": "cheese"
        }
      },
      "processingTimeMS": 4,
      "processingTimingsMS": {
        "_request": { "roundTrip": 1 },
        "afterFetch": { "format": { "total": 3 } },
        "extensions": 1,
        "fetch": { "total": 1 },
        "total": 4
      },
      "serverTimeMS": 8
    }
  ]
}
