{"products": [{"product_uid": "7173902", "favourite_uid": null, "eans": ["0000001694666"], "product_type": "BASIC", "name": "Sainsbury's Festive Cheese Selection 4 x 100g", "image": "https://www.sainsburys.co.uk/wcsstore/ExtendedSitesCatalogAssetStore/images/catalog/productImages/66/0000001694666/0000001694666_L.jpeg", "image_zoom": null, "image_thumbnail": "https://www.sainsburys.co.uk/wcsstore/ExtendedSitesCatalogAssetStore/images/catalog/productImages/66/0000001694666/0000001694666_M.jpeg", "image_thumbnail_small": "https://www.sainsburys.co.uk/wcsstore/ExtendedSitesCatalogAssetStore/images/catalog/productImages/66/0000001694666/0000001694666_S.jpeg", "full_url": "https://www.sainsburys.co.uk/shop/gb/groceries/product/details/sainsburys-festive-cheese-selection-4-x-100g", "unit_price": {"price": 13.75, "measure": "kg", "measure_amount": 1}, "retail_price": {"price": 5.5, "measure": "unit"}, "is_available": true, "promotions": [], "associations": [], "is_alcoholic": false, "is_spotlight": false, "is_intolerant": false, "is_mhra": false, "badges": [], "labels": [], "zone": null, "department": null, "reviews": {"is_enabled": false, "product_uid": "7173902", "total": 14, "average_rating": 4.5714}, "breadcrumbs": [], "assets": {"plp_image": "https://assets.sainsburys-groceries.co.uk/gol/7173902/image.jpg", "images": [], "video": []}, "description": [], "important_information": ["The above details have been prepared to help you select suitable products. Products and their ingredients are liable to change.", "<strong>You should always read the label before consuming or using the product and never rely solely on the information presented here.", "If you require specific advice on any Sainsbury's branded product, please contact our Customer Careline on 0800 636262. For all other products, please contact the manufacturer, whose details will appear on the packaging or label. Sainsbury's is therefore unable to accept liability for any incorrect information.", "You should also note that the picture / images show only our serving suggestions of how to serve or prepare your food \u2013 all accessories and additional items and/or ingredients pictured with the product you are purchasing are not included.", "This information is supplied for your personal use only. It may not be reproduced in any way without the prior consent of Sainsbury's Supermarkets Ltd and due acknowledgement"], "attachments": [], "categories": [{"id": "649380", "name": "Regional cheese"}, {"id": "428900", "name": "Cheddar & British regional cheese"}, {"id": "428905", "name": "Speciality & continental cheese"}, {"id": "428902", "name": "Soft & cottage cheese"}, {"id": "450352", "name": "Christmas is coming"}, {"id": "460386", "name": "Perfect for cheeseboards"}, {"id": "461871", "name": "Vegetarian & plant based"}, {"id": "474592", "name": "Dairy & chilled essentials"}, {"id": "561852", "name": "Build a Cheeseboard"}], "attributes": {"brand": ["Sainsbury's"]}, "is_supply_chain_orderable": false, "display_icons": [], "pdp_deep_link": "/shop/ProductDisplay?storeId=10151&langId=44&productId=118454"}, {"product_uid": "7666957", "favourite_uid": null, "eans": ["0000000147880"], "product_type": "BASIC", "name": "Sainsbury's French Brie 470g", "image": "https://www.sainsburys.co.uk/wcsstore/ExtendedSitesCatalogAssetStore/images/catalog/productImages/80/0000000147880/0000000147880_L.jpeg", "image_zoom": null, "image_thumbnail": "https://www.sainsburys.co.uk/wcsstore/ExtendedSitesCatalogAssetStore/images/catalog/productImages/80/0000000147880/0000000147880_M.jpeg", "image_thumbnail_small": "https://www.sainsburys.co.uk/wcsstore/ExtendedSitesCatalogAssetStore/images/catalog/productImages/80/0000000147880/0000000147880_S.jpeg", "full_url": "https://www.sainsburys.co.uk/shop/gb/groceries/product/details/sainsburys-french-brie-470g", "unit_price": {"price": 9.57, "measure": "kg", "measure_amount": 1}, "retail_price": {"price": 4, "measure": "unit"}, "nectar_price": {"retail_price": 4, "unit_price": 8.51, "measure": "unit", "url": "https://www.sainsburys.co.uk/shop/gb/groceries/new---trending/nectar-prices", "category_seo_url": "gb/groceries/new---trending/nectar-prices"}, "is_available": true, "promotions": [{"promotion_uid": "10715856", "icon": "https://www.sainsburys.co.uk/wcsstore/Sainsburys/Promotion assets/Promotion icons/Buy_X_For_Y_Amt_S_Icon.gif", "link": "/gol-ui/promo-lister/10715856", "strap_line": "Buy 1 for 4", "start_date": "2025-12-10T00:00:00Z", "end_date": "2025-12-31T00:00:00Z", "original_price": 4.5, "promo_mechanic_id": "99", "is_nectar": true, "promo_type": "SIMPLE_FIXED_PRICE", "promo_group": "simple"}], "associations": [], "is_alcoholic": false, "is_spotlight": false, "is_intolerant": false, "is_mhra": false, "badges": [], "labels": [], "zone": null, "department": null, "reviews": {"is_enabled": true, "product_uid": "7666957", "total": 13, "average_rating": 4.2308}, "breadcrumbs": [], "assets": {"plp_image": "https://assets.sainsburys-groceries.co.uk/gol/7666957/image.jpg", "images": [], "video": []}, "description": [], "important_information": ["The above details have been prepared to help you select suitable products. Products and their ingredients are liable to change.", "<strong>You should always read the label before consuming or using the product and never rely solely on the information presented here.", "If you require specific advice on any Sainsbury's branded product, please contact our Customer Careline on 0800 636262. For all other products, please contact the manufacturer, whose details will appear on the packaging or label. Sainsbury's is therefore unable to accept liability for any incorrect information.", "You should also note that the picture / images show only our serving suggestions of how to serve or prepare your food \u2013 all accessories and additional items and/or ingredients pictured with the product you are purchasing are not included.", "This information is supplied for your personal use only. It may not be reproduced in any way without the prior consent of Sainsbury's Supermarkets Ltd and due acknowledgement"], "attachments": [], "categories": [{"id": "651360", "name": "Mediterranean food"}, {"id": "649375", "name": "Brie and camembert"}, {"id": "428374", "name": "Special offers"}, {"id": "428376", "name": "Special offers"}, {"id": "428905", "name": "Speciality & continental cheese"}, {"id": "428902", "name": "Soft & cottage cheese"}, {"id": "450352", "name": "Christmas is coming"}, {"id": "460386", "name": "Perfect for cheeseboards"}, {"id": "461871", "name": "Vegetarian & plant based"}, {"id": "474592", "name": "Dairy & chilled essentials"}, {"id": "561852", "name": "Build a Cheeseboard"}], "header": {"text": "Nectar price", "type": "NECTAR"}, "attributes": {"brand": ["Sainsbury's"]}, "is_supply_chain_orderable": false, "display_icons": [], "pdp_deep_link": "/shop/ProductDisplay?storeId=10151&langId=44&productId=958832"}, {"product_uid": "1062397", "favourite_uid": null, "eans": ["0000001465235"], "product_type": "BASIC", "name": "Sainsbury's Potted Blue Stilton, Taste the Difference 225g", "image": "https://www.sainsburys.co.uk/wcsstore/ExtendedSitesCatalogAssetStore/images/catalog/productImages/35/0000001465235/0000001465235_L.jpeg", "image_zoom": null, "image_thumbnail": "https://www.sainsburys.co.uk/wcsstore/ExtendedSitesCatalogAssetStore/images/catalog/productImages/35/0000001465235/0000001465235_M.jpeg", "image_thumbnail_small": "https://www.sainsburys.co.uk/wcsstore/ExtendedSitesCatalogAssetStore/images/catalog/productImages/35/0000001465235/0000001465235_S.jpeg", "full_url": "https://www.sainsburys.co.uk/shop/gb/groceries/product/details/sainsburys-potted-blue-stilton-taste-the-difference-225g", "unit_price": {"price": 26.67, "measure": "kg", "measure_amount": 1}, "retail_price": {"price": 6, "measure": "unit"}, "is_available": true, "promotions": [], "associations": [], "is_alcoholic": false, "is_spotlight": false, "is_intolerant": false, "is_mhra": false, "badges": [], "labels": [], "zone": null, "department": null, "reviews": {"is_enabled": true, "product_uid": "1062397", "total": 14, "average_rating": 4.3571}, "breadcrumbs": [], "assets": {"plp_image": "https://assets.sainsburys-groceries.co.uk/gol/1062397/image.jpg", "images": [], "video": []}, "description": [], "important_information": ["The above details have been prepared to help you select suitable products. Products and their ingredients are liable to change.", "<strong>You should always read the label before consuming or using the product and never rely solely on the information presented here.", "If you require specific advice on any Sainsbury's branded product, please contact our Customer Careline on 0800 636262. For all other products, please contact the manufacturer, whose details will appear on the packaging or label. Sainsbury's is therefore unable to accept liability for any incorrect information.", "You should also note that the picture / images show only our serving suggestions of how to serve or prepare your food \u2013 all accessories and additional items and/or ingredients pictured with the product you are purchasing are not included.", "This information is supplied for your personal use only. It may not be reproduced in any way without the prior consent of Sainsbury's Supermarkets Ltd and due acknowledgement"], "attachments": [], "categories": [{"id": "649379", "name": "Stilton and blue cheese"}, {"id": "428905", "name": "Speciality & continental cheese"}, {"id": "428902", "name": "Soft & cottage cheese"}, {"id": "450352", "name": "Christmas is coming"}, {"id": "460386", "name": "Perfect for cheeseboards"}, {"id": "461871", "name": "Vegetarian & plant based"}, {"id": "474592", "name": "Dairy & chilled essentials"}, {"id": "561852", "name": "Build a Cheeseboard"}], "attributes": {"brand": ["Sainsbury's"]}, "is_supply_chain_orderable": false, "display_icons": ["TTD"], "pdp_deep_link": "/shop/ProductDisplay?storeId=10151&langId=44&productId=109384"}, {"product_uid": "8034953", "favourite_uid": null, "eans": ["3073781143379", "3073781165982", "3073781218428"], "product_type": "BASIC", "name": "Boursin Trio Gourmand 3 Flavours, Limited Edition 3 x 80g", "image": "https://www.sainsburys.co.uk/wcsstore/ExtendedSitesCatalogAssetStore/images/catalog/productImages/28/3073781218428/3073781218428_L.jpeg", "image_zoom": null, "image_thumbnail": "https://www.sainsburys.co.uk/wcsstore/ExtendedSitesCatalogAssetStore/images/catalog/productImages/28/3073781218428/3073781218428_M.jpeg", "image_thumbnail_small": "https://www.sainsburys.co.uk/wcsstore/ExtendedSitesCatalogAssetStore/images/catalog/productImages/28/3073781218428/3073781218428_S.jpeg", "full_url": "https://www.sainsburys.co.uk/shop/gb/groceries/product/details/boursin-trio-gourmand-3-flavours-limited-edition-3-x-80g", "unit_price": {"price": 16.67, "measure": "kg", "measure_amount": 1}, "retail_price": {"price": 4, "measure": "unit"}, "is_available": true, "promotions": [], "associations": [], "is_alcoholic": false, "is_spotlight": false, "is_intolerant": false, "is_mhra": false, "badges": [], "labels": [{"label_uid": "NewProduct", "text": "New", "alt_text": "New", "color": "#428FDA", "link": "https://www.sainsburys.co.uk/gol-ui/features/new-in/other:new", "link_opens_in_new_window": true}], "zone": null, "department": null, "reviews": {"is_enabled": true, "product_uid": "8034953", "total": 18, "average_rating": 5}, "breadcrumbs": [], "assets": {"plp_image": "https://assets.sainsburys-groceries.co.uk/gol/8034953/image.jpg", "images": [], "video": []}, "description": [], "important_information": ["The above details have been prepared to help you select suitable products. Products and their ingredients are liable to change.", "<strong>You should always read the label before consuming or using the product and never rely solely on the information presented here.", "If you require specific advice on any Sainsbury's branded product, please contact our Customer Careline on 0800 636262. For all other products, please contact the manufacturer, whose details will appear on the packaging or label. Sainsbury's is therefore unable to accept liability for any incorrect information.", "You should also note that the picture / images show only our serving suggestions of how to serve or prepare your food \u2013 all accessories and additional items and/or ingredients pictured with the product you are purchasing are not included.", "This information is supplied for your personal use only. It may not be reproduced in any way without the prior consent of Sainsbury's Supermarkets Ltd and due acknowledgement"], "attachments": [], "categories": [{"id": "651360", "name": "Mediterranean food"}, {"id": "355373", "name": "New"}, {"id": "428902", "name": "Soft & cottage cheese"}, {"id": "428377", "name": "New"}, {"id": "428375", "name": "New"}, {"id": "428905", "name": "Speciality & continental cheese"}, {"id": "461871", "name": "Vegetarian & plant based"}], "attributes": {"brand": ["Boursin"]}, "is_supply_chain_orderable": false, "display_icons": ["NewProduct"], "pdp_deep_link": "/shop/ProductDisplay?storeId=10151&langId=44&productId=1585308"}, {"product_uid": "7178868", "favourite_uid": null, "eans": ["0000001697063"], "product_type": "BASIC", "name": "Sainsbury's British Mature Cheddar Cheese 400g", "image": "https://www.sainsburys.co.uk/wcsstore/ExtendedSitesCatalogAssetStore/images/catalog/productImages/63/0000001697063/0000001697063_L.jpeg", "image_zoom": null, "image_thumbnail": "https://www.sainsburys.co.uk/wcsstore/ExtendedSitesCatalogAssetStore/images/catalog/productImages/63/0000001697063/0000001697063_M.jpeg", "image_thumbnail_small": "https://www.sainsburys.co.uk/wcsstore/ExtendedSitesCatalogAssetStore/images/catalog/productImages/63/0000001697063/0000001697063_S.jpeg", "full_url": "https://www.sainsburys.co.uk/shop/gb/groceries/product/details/sainsburys-british-mature-cheddar-400g", "unit_price": {"price": 8.38, "measure": "kg", "measure_amount": 1}, "retail_price": {"price": 3.35, "measure": "unit"}, "is_available": true, "promotions": [], "associations": [], "is_alcoholic": false, "is_spotlight": false, "is_intolerant": false, "is_mhra": false, "badges": [], "labels": [{"label_uid": "Chilled", "text": "Chilled", "alt_text": "Chilled", "color": "#005096", "link_opens_in_new_window": false}, {"label_uid": "British", "text": "BRITISH", "alt_text": "BRITISH", "color": "#4c4c4c", "link_opens_in_new_window": false}], "zone": null, "department": null, "reviews": {"is_enabled": true, "product_uid": "7178868", "total": 187, "average_rating": 4.1497}, "breadcrumbs": [], "assets": {"plp_image": "https://assets.sainsburys-groceries.co.uk/gol/7178868/image.jpg", "images": [], "video": []}, "description": [], "important_information": ["The above details have been prepared to help you select suitable products. Products and their ingredients are liable to change.", "<strong>You should always read the label before consuming or using the product and never rely solely on the information presented here.", "If you require specific advice on any Sainsbury's branded product, please contact our Customer Careline on 0800 636262. For all other products, please contact the manufacturer, whose details will appear on the packaging or label. Sainsbury's is therefore unable to accept liability for any incorrect information.", "You should also note that the picture / images show only our serving suggestions of how to serve or prepare your food \u2013 all accessories and additional items and/or ingredients pictured with the product you are purchasing are not included.", "This information is supplied for your personal use only. It may not be reproduced in any way without the prior consent of Sainsbury's Supermarkets Ltd and due acknowledgement"], "attachments": [], "categories": [{"id": "641353", "name": "Best of British"}, {"id": "621362", "name": "Walkers & Heinz Lunch time shop"}, {"id": "604354", "name": "Best of British"}, {"id": "649357", "name": "Lunch and snacks"}, {"id": "410358", "name": "Special offers"}, {"id": "428900", "name": "Cheddar & British regional cheese"}, {"id": "474584", "name": "First shop essentials"}, {"id": "463861", "name": "Price Lock"}, {"id": "478373", "name": "Lunchtime inspiration"}, {"id": "474592", "name": "Dairy & chilled essentials"}, {"id": "524852", "name": "Add some crunch to your lunch with Walkers"}, {"id": "561852", "name": "Build a Cheeseboard"}], "attributes": {"brand": ["Sainsbury's"]}, "is_supply_chain_orderable": false, "display_icons": ["Chilled", "British"], "pdp_deep_link": "/shop/ProductDisplay?storeId=10151&langId=44&productId=118480"}, {"product_uid": "7511786", "favourite_uid": null, "eans": ["5000295142893"], "product_type": "BASIC", "name": "Cathedral City Mature Cheddar Cheese 350g", "image": "https://www.sainsburys.co.uk/wcsstore/ExtendedSitesCatalogAssetStore/images/catalog/productImages/93/5000295142893/5000295142893_L.jpeg", "image_zoom": null, "image_thumbnail": "https://www.sainsburys.co.uk/wcsstore/ExtendedSitesCatalogAssetStore/images/catalog/productImages/93/5000295142893/5000295142893_M.jpeg", "image_thumbnail_small": "https://www.sainsburys.co.uk/wcsstore/ExtendedSitesCatalogAssetStore/images/catalog/productImages/93/5000295142893/5000295142893_S.jpeg", "full_url": "https://www.sainsburys.co.uk/shop/gb/groceries/product/details/cathedral-city-mature-350g", "unit_price": {"price": 10.71, "measure": "kg", "measure_amount": 1}, "retail_price": {"price": 3.75, "measure": "unit"}, "is_available": true, "promotions": [], "associations": [], "is_alcoholic": false, "is_spotlight": false, "is_intolerant": false, "is_mhra": false, "badges": [], "labels": [{"label_uid": "Chilled", "text": "Chilled", "alt_text": "Chilled", "color": "#005096", "link_opens_in_new_window": false}], "zone": null, "department": null, "reviews": {"is_enabled": true, "product_uid": "7511786", "total": 68, "average_rating": 4.2647}, "breadcrumbs": [], "assets": {"plp_image": "https://assets.sainsburys-groceries.co.uk/gol/7511786/image.jpg", "images": [], "video": []}, "description": [], "important_information": ["The above details have been prepared to help you select suitable products. Products and their ingredients are liable to change.", "<strong>You should always read the label before consuming or using the product and never rely solely on the information presented here.", "If you require specific advice on any Sainsbury's branded product, please contact our Customer Careline on 0800 636262. For all other products, please contact the manufacturer, whose details will appear on the packaging or label. Sainsbury's is therefore unable to accept liability for any incorrect information.", "You should also note that the picture / images show only our serving suggestions of how to serve or prepare your food \u2013 all accessories and additional items and/or ingredients pictured with the product you are purchasing are not included.", "This information is supplied for your personal use only. It may not be reproduced in any way without the prior consent of Sainsbury's Supermarkets Ltd and due acknowledgement"], "attachments": [], "categories": [{"id": "428900", "name": "Cheddar & British regional cheese"}, {"id": "428991", "name": "Top rated"}, {"id": "474584", "name": "First shop essentials"}, {"id": "474592", "name": "Dairy & chilled essentials"}, {"id": "595853", "name": "Cathedral City, Davidstow, Clover & Country Life"}, {"id": "561852", "name": "Build a Cheeseboard"}], "attributes": {"brand": ["Cathedral City"]}, "is_supply_chain_orderable": false, "display_icons": ["Chilled"], "pdp_deep_link": "/shop/ProductDisplay?storeId=10151&langId=44&productId=122176"}, {"product_uid": "6542617", "favourite_uid": null, "eans": ["0000001483246"], "product_type": "BASIC", "name": "Stamford Street Co. Mozzarella Cheese Ball 125g", "image": "https://www.sainsburys.co.uk/wcsstore/ExtendedSitesCatalogAssetStore/images/catalog/productImages/46/0000001483246/0000001483246_L.jpeg", "image_zoom": null, "image_thumbnail": "https://www.sainsburys.co.uk/wcsstore/ExtendedSitesCatalogAssetStore/images/catalog/productImages/46/0000001483246/0000001483246_M.jpeg", "image_thumbnail_small": "https://www.sainsburys.co.uk/wcsstore/ExtendedSitesCatalogAssetStore/images/catalog/productImages/46/0000001483246/0000001483246_S.jpeg", "full_url": "https://www.sainsburys.co.uk/shop/gb/groceries/product/details/sainsburys-mozzarella--basics-125g", "unit_price": {"price": 5.52, "measure": "kg", "measure_amount": 1}, "retail_price": {"price": 0.69, "measure": "unit"}, "is_available": true, "promotions": [], "associations": [], "is_alcoholic": false, "is_spotlight": false, "is_intolerant": false, "is_mhra": false, "badges": [], "labels": [{"label_uid": "Chilled", "text": "Chilled", "alt_text": "Chilled", "color": "#005096", "link_opens_in_new_window": false}, {"label_uid": "Aldi Price Match", "text": "ALDI PRICE MATCH*", "alt_text": "ALDI PRICE MATCH*", "color": "#D70000", "link": "https://www.sainsburys.co.uk/gol-ui/events/aldi-price-match", "link_opens_in_new_window": false}], "zone": null, "department": null, "reviews": {"is_enabled": true, "product_uid": "6542617", "total": 87, "average_rating": 4.069}, "breadcrumbs": [], "assets": {"plp_image": "https://assets.sainsburys-groceries.co.uk/gol/6542617/image.jpg", "images": [], "video": []}, "description": [], "important_information": ["The above details have been prepared to help you select suitable products. Products and their ingredients are liable to change.", "<strong>You should always read the label before consuming or using the product and never rely solely on the information presented here.", "If you require specific advice on any Sainsbury's branded product, please contact our Customer Careline on 0800 636262. For all other products, please contact the manufacturer, whose details will appear on the packaging or label. Sainsbury's is therefore unable to accept liability for any incorrect information.", "You should also note that the picture / images show only our serving suggestions of how to serve or prepare your food \u2013 all accessories and additional items and/or ingredients pictured with the product you are purchasing are not included.", "This information is supplied for your personal use only. It may not be reproduced in any way without the prior consent of Sainsbury's Supermarkets Ltd and due acknowledgement"], "attachments": [], "categories": [{"id": "607852", "name": "Stamford Street Co."}, {"id": "607854", "name": "Aldi Price Match"}, {"id": "607890", "name": "Sides"}, {"id": "651360", "name": "Mediterranean food"}, {"id": "641355", "name": "The Salad Hub"}, {"id": "428905", "name": "Speciality & continental cheese"}, {"id": "428991", "name": "Top rated"}, {"id": "570356", "name": "Our best value own brands"}, {"id": "558354", "name": "Vegetable sourdough pizza"}, {"id": "581853", "name": "Stamford Street Co."}], "attributes": {"brand": ["Stamford Street Co."]}, "is_supply_chain_orderable": false, "display_icons": ["Chilled", "Aldi Price Match"], "pdp_deep_link": "/shop/ProductDisplay?storeId=10151&langId=44&productId=21662"}, {"product_uid": "6305456", "favourite_uid": null, "eans": ["0000001178395"], "product_type": "BASIC", "name": "Sainsbury's Greek Feta Cheese 200g", "image": "https://www.sainsburys.co.uk/wcsstore/ExtendedSitesCatalogAssetStore/images/catalog/productImages/95/0000001178395/0000001178395_L.jpeg", "image_zoom": null, "image_thumbnail": "https://www.sainsburys.co.uk/wcsstore/ExtendedSitesCatalogAssetStore/images/catalog/productImages/95/0000001178395/0000001178395_M.jpeg", "image_thumbnail_small": "https://www.sainsburys.co.uk/wcsstore/ExtendedSitesCatalogAssetStore/images/catalog/productImages/95/0000001178395/0000001178395_S.jpeg", "full_url": "https://www.sainsburys.co.uk/shop/gb/groceries/product/details/sainsburys-greek-feta-200g", "unit_price": {"price": 10.75, "measure": "kg", "measure_amount": 1}, "retail_price": {"price": 2.15, "measure": "unit"}, "is_available": true, "promotions": [], "associations": [], "is_alcoholic": false, "is_spotlight": false, "is_intolerant": false, "is_mhra": false, "badges": [], "labels": [], "zone": null, "department": null, "reviews": {"is_enabled": true, "product_uid": "6305456", "total": 107, "average_rating": 4.5888}, "breadcrumbs": [], "assets": {"plp_image": "https://assets.sainsburys-groceries.co.uk/gol/6305456/image.jpg", "images": [], "video": []}, "description": [], "important_information": ["The above details have been prepared to help you select suitable products. Products and their ingredients are liable to change.", "<strong>You should always read the label before consuming or using the product and never rely solely on the information presented here.", "If you require specific advice on any Sainsbury's branded product, please contact our Customer Careline on 0800 636262. For all other products, please contact the manufacturer, whose details will appear on the packaging or label. Sainsbury's is therefore unable to accept liability for any incorrect information.", "You should also note that the picture / images show only our serving suggestions of how to serve or prepare your food \u2013 all accessories and additional items and/or ingredients pictured with the product you are purchasing are not included.", "This information is supplied for your personal use only. It may not be reproduced in any way without the prior consent of Sainsbury's Supermarkets Ltd and due acknowledgement"], "attachments": [], "categories": [{"id": "607911", "name": "Enjoy Summer whatever the weather"}, {"id": "607912", "name": "BBQ indoors"}, {"id": "607868", "name": "Whatever the weather"}, {"id": "607881", "name": "Snacks & Nibbles"}, {"id": "607858", "name": "BBQ"}, {"id": "607890", "name": "Sides"}, {"id": "607866", "name": "Staycations"}, {"id": "651360", "name": "Mediterranean food"}, {"id": "641355", "name": "The Salad Hub"}, {"id": "649378", "name": "Feta and halloumi"}, {"id": "394355", "name": "Build a salad"}, {"id": "428905", "name": "Speciality & continental cheese"}, {"id": "431867", "name": "Watch the sport"}, {"id": "432368", "name": "Special offers"}, {"id": "432369", "name": "New"}, {"id": "474584", "name": "First shop essentials"}, {"id": "474586", "name": "All Summer"}, {"id": "474592", "name": "Dairy & chilled essentials"}], "is_supply_chain_orderable": false, "display_icons": [], "pdp_deep_link": "/shop/ProductDisplay?storeId=10151&langId=44&productId=20756"}, {"product_uid": "7178941", "favourite_uid": null, "eans": ["0000001696844"], "product_type": "BASIC", "name": "Sainsbury's British Extra Mature Cheddar Cheese 400g", "image": "https://www.sainsburys.co.uk/wcsstore/ExtendedSitesCatalogAssetStore/images/catalog/productImages/44/0000001696844/0000001696844_L.jpeg", "image_zoom": null, "image_thumbnail": "https://www.sainsburys.co.uk/wcsstore/ExtendedSitesCatalogAssetStore/images/catalog/productImages/44/0000001696844/0000001696844_M.jpeg", "image_thumbnail_small": "https://www.sainsburys.co.uk/wcsstore/ExtendedSitesCatalogAssetStore/images/catalog/productImages/44/0000001696844/0000001696844_S.jpeg", "full_url": "https://www.sainsburys.co.uk/shop/gb/groceries/product/details/sainsburys-british-extra-mature-cheddar-400g", "unit_price": {"price": 8.38, "measure": "kg", "measure_amount": 1}, "retail_price": {"price": 3.35, "measure": "unit"}, "is_available": true, "promotions": [], "associations": [], "is_alcoholic": false, "is_spotlight": false, "is_intolerant": false, "is_mhra": false, "badges": [], "labels": [{"label_uid": "British", "text": "BRITISH", "alt_text": "BRITISH", "color": "#4c4c4c", "link_opens_in_new_window": false}, {"label_uid": "Chilled", "text": "Chilled", "alt_text": "Chilled", "color": "#005096", "link_opens_in_new_window": false}], "zone": null, "department": null, "reviews": {"is_enabled": true, "product_uid": "7178941", "total": 215, "average_rating": 4.2651}, "breadcrumbs": [], "assets": {"plp_image": "https://assets.sainsburys-groceries.co.uk/gol/7178941/image.jpg", "images": [], "video": []}, "description": [], "important_information": ["The above details have been prepared to help you select suitable products. Products and their ingredients are liable to change.", "<strong>You should always read the label before consuming or using the product and never rely solely on the information presented here.", "If you require specific advice on any Sainsbury's branded product, please contact our Customer Careline on 0800 636262. For all other products, please contact the manufacturer, whose details will appear on the packaging or label. Sainsbury's is therefore unable to accept liability for any incorrect information.", "You should also note that the picture / images show only our serving suggestions of how to serve or prepare your food \u2013 all accessories and additional items and/or ingredients pictured with the product you are purchasing are not included.", "This information is supplied for your personal use only. It may not be reproduced in any way without the prior consent of Sainsbury's Supermarkets Ltd and due acknowledgement"], "attachments": [], "categories": [{"id": "641353", "name": "Best of British"}, {"id": "621362", "name": "Walkers & Heinz Lunch time shop"}, {"id": "604354", "name": "Best of British"}, {"id": "410358", "name": "Special offers"}, {"id": "428900", "name": "Cheddar & British regional cheese"}, {"id": "428991", "name": "Top rated"}, {"id": "474584", "name": "First shop essentials"}, {"id": "463861", "name": "Price Lock"}, {"id": "474592", "name": "Dairy & chilled essentials"}, {"id": "561852", "name": "Build a Cheeseboard"}], "attributes": {"brand": ["Sainsbury's"]}, "is_supply_chain_orderable": false, "display_icons": ["British", "Chilled"], "pdp_deep_link": "/shop/ProductDisplay?storeId=10151&langId=44&productId=118490"}, {"product_uid": "7280625", "favourite_uid": null, "eans": ["0000001729313"], "product_type": "BASIC", "name": "Sainsbury's Cypriot Halloumi Cheese 225g", "image": "https://www.sainsburys.co.uk/wcsstore/ExtendedSitesCatalogAssetStore/images/catalog/productImages/13/0000001729313/0000001729313_L.jpeg", "image_zoom": null, "image_thumbnail": "https://www.sainsburys.co.uk/wcsstore/ExtendedSitesCatalogAssetStore/images/catalog/productImages/13/0000001729313/0000001729313_M.jpeg", "image_thumbnail_small": "https://www.sainsburys.co.uk/wcsstore/ExtendedSitesCatalogAssetStore/images/catalog/productImages/13/0000001729313/0000001729313_S.jpeg", "full_url": "https://www.sainsburys.co.uk/shop/gb/groceries/product/details/sainsburys-cypriot-halloumi-250g", "unit_price": {"price": 8.84, "measure": "kg", "measure_amount": 1}, "retail_price": {"price": 1.99, "measure": "unit"}, "is_available": true, "promotions": [], "associations": [], "is_alcoholic": false, "is_spotlight": false, "is_intolerant": false, "is_mhra": false, "badges": [], "labels": [{"label_uid": "Aldi Price Match", "text": "ALDI PRICE MATCH*", "alt_text": "ALDI PRICE MATCH*", "color": "#D70000", "link": "https://www.sainsburys.co.uk/gol-ui/events/aldi-price-match", "link_opens_in_new_window": false}, {"label_uid": "Chilled", "text": "Chilled", "alt_text": "Chilled", "color": "#005096", "link_opens_in_new_window": false}], "zone": null, "department": null, "reviews": {"is_enabled": true, "product_uid": "7280625", "total": 74, "average_rating": 4.6622}, "breadcrumbs": [], "assets": {"plp_image": "https://assets.sainsburys-groceries.co.uk/gol/7280625/image.jpg", "images": [], "video": []}, "description": [], "important_information": ["The above details have been prepared to help you select suitable products. Products and their ingredients are liable to change.", "<strong>You should always read the label before consuming or using the product and never rely solely on the information presented here.", "If you require specific advice on any Sainsbury's branded product, please contact our Customer Careline on 0800 636262. For all other products, please contact the manufacturer, whose details will appear on the packaging or label. Sainsbury's is therefore unable to accept liability for any incorrect information.", "You should also note that the picture / images show only our serving suggestions of how to serve or prepare your food \u2013 all accessories and additional items and/or ingredients pictured with the product you are purchasing are not included.", "This information is supplied for your personal use only. It may not be reproduced in any way without the prior consent of Sainsbury's Supermarkets Ltd and due acknowledgement"], "attachments": [], "categories": [{"id": "607911", "name": "Enjoy Summer whatever the weather"}, {"id": "607912", "name": "BBQ indoors"}, {"id": "607881", "name": "Snacks & Nibbles"}, {"id": "607873", "name": "Vegetarian & vegan"}, {"id": "607854", "name": "Aldi Price Match"}, {"id": "607875", "name": "BBQ sides"}, {"id": "607858", "name": "BBQ"}, {"id": "607890", "name": "Sides"}, {"id": "607866", "name": "Staycations"}, {"id": "651360", "name": "Mediterranean food"}, {"id": "641355", "name": "The Salad Hub"}, {"id": "649378", "name": "Feta and halloumi"}, {"id": "394355", "name": "Build a salad"}, {"id": "428905", "name": "Speciality & continental cheese"}, {"id": "431867", "name": "Watch the sport"}, {"id": "432369", "name": "New"}, {"id": "428991", "name": "Top rated"}, {"id": "474584", "name": "First shop essentials"}, {"id": "474586", "name": "All Summer"}, {"id": "474592", "name": "Dairy & chilled essentials"}], "is_supply_chain_orderable": false, "display_icons": ["Aldi Price Match", "Chilled"], "pdp_deep_link": "/shop/ProductDisplay?storeId=10151&langId=44&productId=28408"}, {"product_uid": "7178885", "favourite_uid": null, "eans": ["0000001696738"], "product_type": "BASIC", "name": "Sainsbury's British Medium Cheddar Cheese 400g", "image": "https://www.sainsburys.co.uk/wcsstore/ExtendedSitesCatalogAssetStore/images/catalog/productImages/38/0000001696738/0000001696738_L.jpeg", "image_zoom": null, "image_thumbnail": "https://www.sainsburys.co.uk/wcsstore/ExtendedSitesCatalogAssetStore/images/catalog/productImages/38/0000001696738/0000001696738_M.jpeg", "image_thumbnail_small": "https://www.sainsburys.co.uk/wcsstore/ExtendedSitesCatalogAssetStore/images/catalog/productImages/38/0000001696738/0000001696738_S.jpeg", "full_url": "https://www.sainsburys.co.uk/shop/gb/groceries/product/details/sainsburys-british-medium-cheddar-400g", "unit_price": {"price": 8.38, "measure": "kg", "measure_amount": 1}, "retail_price": {"price": 3.35, "measure": "unit"}, "is_available": true, "promotions": [], "associations": [], "is_alcoholic": false, "is_spotlight": false, "is_intolerant": false, "is_mhra": false, "badges": [], "labels": [{"label_uid": "British", "text": "BRITISH", "alt_text": "BRITISH", "color": "#4c4c4c", "link_opens_in_new_window": false}], "zone": null, "department": null, "reviews": {"is_enabled": true, "product_uid": "7178885", "total": 99, "average_rating": 4.3535}, "breadcrumbs": [], "assets": {"plp_image": "https://assets.sainsburys-groceries.co.uk/gol/7178885/image.jpg", "images": [], "video": []}, "description": [], "important_information": ["The above details have been prepared to help you select suitable products. Products and their ingredients are liable to change.", "<strong>You should always read the label before consuming or using the product and never rely solely on the information presented here.", "If you require specific advice on any Sainsbury's branded product, please contact our Customer Careline on 0800 636262. For all other products, please contact the manufacturer, whose details will appear on the packaging or label. Sainsbury's is therefore unable to accept liability for any incorrect information.", "You should also note that the picture / images show only our serving suggestions of how to serve or prepare your food \u2013 all accessories and additional items and/or ingredients pictured with the product you are purchasing are not included.", "This information is supplied for your personal use only. It may not be reproduced in any way without the prior consent of Sainsbury's Supermarkets Ltd and due acknowledgement"], "attachments": [], "categories": [{"id": "641353", "name": "Best of British"}, {"id": "604354", "name": "Best of British"}, {"id": "428900", "name": "Cheddar & British regional cheese"}, {"id": "474584", "name": "First shop essentials"}, {"id": "463861", "name": "Price Lock"}], "attributes": {"brand": ["Sainsbury's"]}, "is_supply_chain_orderable": false, "display_icons": ["British"], "pdp_deep_link": "/shop/ProductDisplay?storeId=10151&langId=44&productId=118484"}, {"product_uid": "1304893", "favourite_uid": null, "eans": ["0000001304893"], "product_type": "BASIC", "name": "Sainsbury's Mozzarella Cheese 150g", "image": "https://www.sainsburys.co.uk/wcsstore/ExtendedSitesCatalogAssetStore/images/catalog/productImages/93/0000001304893/0000001304893_L.jpeg", "image_zoom": null, "image_thumbnail": "https://www.sainsburys.co.uk/wcsstore/ExtendedSitesCatalogAssetStore/images/catalog/productImages/93/0000001304893/0000001304893_M.jpeg", "image_thumbnail_small": "https://www.sainsburys.co.uk/wcsstore/ExtendedSitesCatalogAssetStore/images/catalog/productImages/93/0000001304893/0000001304893_S.jpeg", "full_url": "https://www.sainsburys.co.uk/shop/gb/groceries/product/details/sainsburys-italian-mozzarella-150g", "unit_price": {"price": 10.33, "measure": "kg", "measure_amount": 1}, "retail_price": {"price": 1.55, "measure": "unit"}, "is_available": true, "promotions": [], "associations": [], "is_alcoholic": false, "is_spotlight": false, "is_intolerant": false, "is_mhra": false, "badges": [], "labels": [], "zone": null, "department": null, "reviews": {"is_enabled": true, "product_uid": "1304893", "total": 53, "average_rating": 4.0189}, "breadcrumbs": [], "assets": {"plp_image": "https://assets.sainsburys-groceries.co.uk/gol/1304893/image.jpg", "images": [], "video": []}, "description": [], "important_information": ["The above details have been prepared to help you select suitable products. Products and their ingredients are liable to change.", "<strong>You should always read the label before consuming or using the product and never rely solely on the information presented here.", "If you require specific advice on any Sainsbury's branded product, please contact our Customer Careline on 0800 636262. For all other products, please contact the manufacturer, whose details will appear on the packaging or label. Sainsbury's is therefore unable to accept liability for any incorrect information.", "You should also note that the picture / images show only our serving suggestions of how to serve or prepare your food \u2013 all accessories and additional items and/or ingredients pictured with the product you are purchasing are not included.", "This information is supplied for your personal use only. It may not be reproduced in any way without the prior consent of Sainsbury's Supermarkets Ltd and due acknowledgement"], "attachments": [], "categories": [{"id": "607911", "name": "Enjoy Summer whatever the weather"}, {"id": "607912", "name": "BBQ indoors"}, {"id": "607868", "name": "Whatever the weather"}, {"id": "607881", "name": "Snacks & Nibbles"}, {"id": "607874", "name": "Buns, toppings & sauces"}, {"id": "607858", "name": "BBQ"}, {"id": "607890", "name": "Sides"}, {"id": "607866", "name": "Staycations"}, {"id": "651360", "name": "Mediterranean food"}, {"id": "355438", "name": "Pancake Day"}, {"id": "428905", "name": "Speciality & continental cheese"}, {"id": "431867", "name": "Watch the sport"}, {"id": "432369", "name": "New"}, {"id": "474584", "name": "First shop essentials"}, {"id": "474586", "name": "All Summer"}, {"id": "474592", "name": "Dairy & chilled essentials"}], "is_supply_chain_orderable": false, "display_icons": [], "pdp_deep_link": "/shop/ProductDisplay?storeId=10151&langId=44&productId=17278"}, {"product_uid": "6923971", "favourite_uid": null, "eans": ["0000001644432"], "product_type": "BASIC", "name": "Sainsbury's Parmigiano Reggiano Cheese 200g", "image": "https://www.sainsburys.co.uk/wcsstore/ExtendedSitesCatalogAssetStore/images/catalog/productImages/32/0000001644432/0000001644432_L.jpeg", "image_zoom": null, "image_thumbnail": "https://www.sainsburys.co.uk/wcsstore/ExtendedSitesCatalogAssetStore/images/catalog/productImages/32/0000001644432/0000001644432_M.jpeg", "image_thumbnail_small": "https://www.sainsburys.co.uk/wcsstore/ExtendedSitesCatalogAssetStore/images/catalog/productImages/32/0000001644432/0000001644432_S.jpeg", "full_url": "https://www.sainsburys.co.uk/shop/gb/groceries/product/details/sainsburys-parmigiano-reggiano-200g", "unit_price": {"price": 20, "measure": "kg", "measure_amount": 1}, "retail_price": {"price": 4, "measure": "unit"}, "is_available": true, "promotions": [], "associations": [], "is_alcoholic": false, "is_spotlight": false, "is_intolerant": false, "is_mhra": false, "badges": [], "labels": [], "zone": null, "department": null, "reviews": {"is_enabled": true, "product_uid": "6923971", "total": 40, "average_rating": 4.5}, "breadcrumbs": [], "assets": {"plp_image": "https://assets.sainsburys-groceries.co.uk/gol/6923971/image.jpg", "images": [], "video": []}, "description": [], "important_information": ["The above details have been prepared to help you select suitable products. Products and their ingredients are liable to change.", "<strong>You should always read the label before consuming or using the product and never rely solely on the information presented here.", "If you require specific advice on any Sainsbury's branded product, please contact our Customer Careline on 0800 636262. For all other products, please contact the manufacturer, whose details will appear on the packaging or label. Sainsbury's is therefore unable to accept liability for any incorrect information.", "You should also note that the picture / images show only our serving suggestions of how to serve or prepare your food \u2013 all accessories and additional items and/or ingredients pictured with the product you are purchasing are not included.", "This information is supplied for your personal use only. It may not be reproduced in any way without the prior consent of Sainsbury's Supermarkets Ltd and due acknowledgement"], "attachments": [], "categories": [{"id": "607890", "name": "Sides"}, {"id": "651360", "name": "Mediterranean food"}, {"id": "641355", "name": "The Salad Hub"}, {"id": "649377", "name": "Parmesan and pecorino"}, {"id": "428905", "name": "Speciality & continental cheese"}, {"id": "428991", "name": "Top rated"}, {"id": "474584", "name": "First shop essentials"}, {"id": "474592", "name": "Dairy & chilled essentials"}], "is_supply_chain_orderable": false, "display_icons": [], "pdp_deep_link": "/shop/ProductDisplay?storeId=10151&langId=44&productId=25602"}, {"product_uid": "7708696", "favourite_uid": null, "eans": ["7622210307460", "7622201693916"], "product_type": "BASIC", "name": "Philadelphia Original Soft Cream Cheese 165g", "image": "https://www.sainsburys.co.uk/wcsstore/ExtendedSitesCatalogAssetStore/images/catalog/productImages/16/7622201693916/7622201693916_L.jpeg", "image_zoom": null, "image_thumbnail": "https://www.sainsburys.co.uk/wcsstore/ExtendedSitesCatalogAssetStore/images/catalog/productImages/16/7622201693916/7622201693916_M.jpeg", "image_thumbnail_small": "https://www.sainsburys.co.uk/wcsstore/ExtendedSitesCatalogAssetStore/images/catalog/productImages/16/7622201693916/7622201693916_S.jpeg", "full_url": "https://www.sainsburys.co.uk/shop/gb/groceries/product/details/philadelphia-180g", "unit_price": {"price": 13.64, "measure": "kg", "measure_amount": 1}, "retail_price": {"price": 1.35, "measure": "unit"}, "nectar_price": {"retail_price": 1.35, "unit_price": 8.18, "measure": "unit", "url": "https://www.sainsburys.co.uk/shop/gb/groceries/new---trending/nectar-prices", "category_seo_url": "gb/groceries/new---trending/nectar-prices"}, "is_available": true, "promotions": [{"promotion_uid": "10716457", "icon": "https://www.sainsburys.co.uk/wcsstore/Sainsburys/Promotion assets/Promotion icons/Buy_X_For_Y_Amt_S_Icon.gif", "link": "/gol-ui/promo-lister/10716457", "strap_line": "Buy 1 for 1.35", "start_date": "2025-12-10T00:00:00Z", "end_date": "2025-12-31T00:00:00Z", "original_price": 2.25, "promo_mechanic_id": "99", "is_nectar": true, "promo_type": "SIMPLE_FIXED_PRICE", "promo_group": "simple"}], "associations": [], "is_alcoholic": false, "is_spotlight": false, "is_intolerant": false, "is_mhra": false, "badges": [], "labels": [{"label_uid": "Chilled", "text": "Chilled", "alt_text": "Chilled", "color": "#005096", "link_opens_in_new_window": false}], "zone": null, "department": null, "reviews": {"is_enabled": true, "product_uid": "7708696", "total": 88, "average_rating": 4.6818}, "breadcrumbs": [], "assets": {"plp_image": "https://assets.sainsburys-groceries.co.uk/gol/7708696/image.jpg", "images": [], "video": []}, "description": [], "important_information": ["The above details have been prepared to help you select suitable products. Products and their ingredients are liable to change.", "<strong>You should always read the label before consuming or using the product and never rely solely on the information presented here.", "If you require specific advice on any Sainsbury's branded product, please contact our Customer Careline on 0800 636262. For all other products, please contact the manufacturer, whose details will appear on the packaging or label. Sainsbury's is therefore unable to accept liability for any incorrect information.", "You should also note that the picture / images show only our serving suggestions of how to serve or prepare your food \u2013 all accessories and additional items and/or ingredients pictured with the product you are purchasing are not included.", "This information is supplied for your personal use only. It may not be reproduced in any way without the prior consent of Sainsbury's Supermarkets Ltd and due acknowledgement"], "attachments": [], "categories": [{"id": "616361", "name": "Win a VIP Brunch"}, {"id": "649376", "name": "Cream cheese"}, {"id": "428374", "name": "Special offers"}, {"id": "428376", "name": "Special offers"}, {"id": "428902", "name": "Soft & cottage cheese"}, {"id": "474584", "name": "First shop essentials"}, {"id": "474592", "name": "Dairy & chilled essentials"}, {"id": "514863", "name": "Philadelphia and Warburtons"}, {"id": "570363", "name": "Win with Philadelphia"}], "header": {"text": "Nectar price", "type": "NECTAR"}, "attributes": {"brand": ["Philadelphia"]}, "is_supply_chain_orderable": false, "display_icons": ["Chilled"], "pdp_deep_link": "/shop/ProductDisplay?storeId=10151&langId=44&productId=652436"}, {"product_uid": "2347462", "favourite_uid": null, "eans": ["5012005091209", "5000328375373"], "product_type": "BASIC", "name": "Walkers Cheese & Onion Multipack Crisps 6x25g", "image": "https://www.sainsburys.co.uk/wcsstore/ExtendedSitesCatalogAssetStore/images/catalog/productImages/73/5000328375373/5000328375373_L.jpeg", "image_zoom": null, "image_thumbnail": "https://www.sainsburys.co.uk/wcsstore/ExtendedSitesCatalogAssetStore/images/catalog/productImages/73/5000328375373/5000328375373_M.jpeg", "image_thumbnail_small": "https://www.sainsburys.co.uk/wcsstore/ExtendedSitesCatalogAssetStore/images/catalog/productImages/73/5000328375373/5000328375373_S.jpeg", "full_url": "https://www.sainsburys.co.uk/shop/gb/groceries/product/details/walkers-cheese---onion-crisps-6x25g", "unit_price": {"price": 1.47, "measure": "g", "measure_amount": 100}, "retail_price": {"price": 2.2, "measure": "unit"}, "is_available": true, "promotions": [], "associations": [], "is_alcoholic": false, "is_spotlight": false, "is_intolerant": false, "is_mhra": false, "badges": [], "labels": [], "zone": null, "department": null, "reviews": {"is_enabled": true, "product_uid": "2347462", "total": 44, "average_rating": 4.3864}, "breadcrumbs": [], "assets": {"plp_image": "https://assets.sainsburys-groceries.co.uk/gol/2347462/image.jpg", "images": [], "video": []}, "description": [], "important_information": ["The above details have been prepared to help you select suitable products. Products and their ingredients are liable to change.", "<strong>You should always read the label before consuming or using the product and never rely solely on the information presented here.", "If you require specific advice on any Sainsbury's branded product, please contact our Customer Careline on 0800 636262. For all other products, please contact the manufacturer, whose details will appear on the packaging or label. Sainsbury's is therefore unable to accept liability for any incorrect information.", "You should also note that the picture / images show only our serving suggestions of how to serve or prepare your food \u2013 all accessories and additional items and/or ingredients pictured with the product you are purchasing are not included.", "This information is supplied for your personal use only. It may not be reproduced in any way without the prior consent of Sainsbury's Supermarkets Ltd and due acknowledgement"], "attachments": [], "categories": [{"id": "621362", "name": "Walkers & Heinz Lunch time shop"}, {"id": "608358", "name": "Heineken, Doritos and Pepsi Football snacks and drinks"}, {"id": "288315", "name": "All"}, {"id": "355376", "name": "Stock up"}, {"id": "410380", "name": "Special offers"}, {"id": "417429", "name": "Red Nose Day"}, {"id": "417418", "name": "Walkers Crisps & Snacks"}, {"id": "431867", "name": "Watch the sport"}, {"id": "432368", "name": "Special offers"}, {"id": "442361", "name": "Food cupboard essentials"}, {"id": "450494", "name": "Cross sell audit - Do not leave on"}, {"id": "474584", "name": "First shop essentials"}, {"id": "463876", "name": "Sport Relief"}, {"id": "478361", "name": "Pub food & drink"}, {"id": "474591", "name": "Food cupboard essentials"}, {"id": "495868", "name": "Walkers"}, {"id": "524852", "name": "Add some crunch to your lunch with Walkers"}, {"id": "577855", "name": "Win a free lunch"}, {"id": "577864", "name": "Nectar Prices"}, {"id": "577863", "name": "Special offers"}, {"id": "570354", "name": "Win \u00a3250 Every Hour "}, {"id": "560854", "name": "Win \u00a3100 every month"}], "attributes": {"brand": ["Walkers"]}, "is_supply_chain_orderable": false, "display_icons": [], "pdp_deep_link": "/shop/ProductDisplay?storeId=10151&langId=44&productId=81114"}, {"product_uid": "7178920", "favourite_uid": null, "eans": ["0000001696776"], "product_type": "BASIC", "name": "Sainsbury's West Country Farmhouse Mature Cheddar Cheese 400g", "image": "https://www.sainsburys.co.uk/wcsstore/ExtendedSitesCatalogAssetStore/images/catalog/productImages/76/0000001696776/0000001696776_L.jpeg", "image_zoom": null, "image_thumbnail": "https://www.sainsburys.co.uk/wcsstore/ExtendedSitesCatalogAssetStore/images/catalog/productImages/76/0000001696776/0000001696776_M.jpeg", "image_thumbnail_small": "https://www.sainsburys.co.uk/wcsstore/ExtendedSitesCatalogAssetStore/images/catalog/productImages/76/0000001696776/0000001696776_S.jpeg", "full_url": "https://www.sainsburys.co.uk/shop/gb/groceries/product/details/sainsburys-west-country-farmhouse-mature-cheddar-cheese-400g", "unit_price": {"price": 8.38, "measure": "kg", "measure_amount": 1}, "retail_price": {"price": 3.35, "measure": "unit"}, "is_available": true, "promotions": [], "associations": [], "is_alcoholic": false, "is_spotlight": false, "is_intolerant": false, "is_mhra": false, "badges": [], "labels": [{"label_uid": "Chilled", "text": "Chilled", "alt_text": "Chilled", "color": "#005096", "link_opens_in_new_window": false}, {"label_uid": "British", "text": "BRITISH", "alt_text": "BRITISH", "color": "#4c4c4c", "link_opens_in_new_window": false}], "zone": null, "department": null, "reviews": {"is_enabled": true, "product_uid": "7178920", "total": 107, "average_rating": 3.9252}, "breadcrumbs": [], "assets": {"plp_image": "https://assets.sainsburys-groceries.co.uk/gol/7178920/image.jpg", "images": [], "video": []}, "description": [], "important_information": ["The above details have been prepared to help you select suitable products. Products and their ingredients are liable to change.", "<strong>You should always read the label before consuming or using the product and never rely solely on the information presented here.", "If you require specific advice on any Sainsbury's branded product, please contact our Customer Careline on 0800 636262. For all other products, please contact the manufacturer, whose details will appear on the packaging or label. Sainsbury's is therefore unable to accept liability for any incorrect information.", "You should also note that the picture / images show only our serving suggestions of how to serve or prepare your food \u2013 all accessories and additional items and/or ingredients pictured with the product you are purchasing are not included.", "This information is supplied for your personal use only. It may not be reproduced in any way without the prior consent of Sainsbury's Supermarkets Ltd and due acknowledgement"], "attachments": [], "categories": [{"id": "641353", "name": "Best of British"}, {"id": "604354", "name": "Best of British"}, {"id": "428900", "name": "Cheddar & British regional cheese"}, {"id": "474592", "name": "Dairy & chilled essentials"}], "attributes": {"brand": ["Sainsbury's"]}, "is_supply_chain_orderable": false, "display_icons": ["Chilled", "British"], "pdp_deep_link": "/shop/ProductDisplay?storeId=10151&langId=44&productId=118488"}, {"product_uid": "2095950", "favourite_uid": null, "eans": ["5000328338002", "5000328439006", "5000328469799", "5000328849560", "5000328329321", "5000328222486", "5000328014937"], "product_type": "BASIC", "name": "Walkers Quavers Cheese Multipack Crisps Snacks 6x16g", "image": "https://www.sainsburys.co.uk/wcsstore/ExtendedSitesCatalogAssetStore/images/catalog/productImages/21/5000328329321/5000328329321_L.jpeg", "image_zoom": null, "image_thumbnail": "https://www.sainsburys.co.uk/wcsstore/ExtendedSitesCatalogAssetStore/images/catalog/productImages/21/5000328329321/5000328329321_M.jpeg", "image_thumbnail_small": "https://www.sainsburys.co.uk/wcsstore/ExtendedSitesCatalogAssetStore/images/catalog/productImages/21/5000328329321/5000328329321_S.jpeg", "full_url": "https://www.sainsburys.co.uk/shop/gb/groceries/product/details/walkers-quavers-cheese-flavour-x6-164g", "unit_price": {"price": 2.29, "measure": "g", "measure_amount": 100}, "retail_price": {"price": 2.2, "measure": "unit"}, "is_available": true, "promotions": [], "sponsored_locations": ["Great offer"], "associations": [], "is_alcoholic": false, "is_spotlight": false, "is_intolerant": false, "is_mhra": false, "badges": [], "labels": [], "zone": null, "department": null, "reviews": {"is_enabled": true, "product_uid": "2095950", "total": 61, "average_rating": 4.7049}, "breadcrumbs": [], "assets": {"plp_image": "https://assets.sainsburys-groceries.co.uk/gol/2095950/image.jpg", "images": [], "video": []}, "description": [], "important_information": ["The above details have been prepared to help you select suitable products. Products and their ingredients are liable to change.", "<strong>You should always read the label before consuming or using the product and never rely solely on the information presented here.", "If you require specific advice on any Sainsbury's branded product, please contact our Customer Careline on 0800 636262. For all other products, please contact the manufacturer, whose details will appear on the packaging or label. Sainsbury's is therefore unable to accept liability for any incorrect information.", "You should also note that the picture / images show only our serving suggestions of how to serve or prepare your food \u2013 all accessories and additional items and/or ingredients pictured with the product you are purchasing are not included.", "This information is supplied for your personal use only. It may not be reproduced in any way without the prior consent of Sainsbury's Supermarkets Ltd and due acknowledgement"], "attachments": [], "categories": [{"id": "621362", "name": "Walkers & Heinz Lunch time shop"}, {"id": "626354", "name": "Tango 7Up Walkers Doritos Halloween"}, {"id": "18675", "name": "Special offers"}, {"id": "288315", "name": "All"}, {"id": "394353", "name": "Entertain the kids"}, {"id": "410376", "name": "Special offers"}, {"id": "417429", "name": "Red Nose Day"}, {"id": "417418", "name": "Walkers Crisps & Snacks"}, {"id": "450494", "name": "Cross sell audit - Do not leave on"}, {"id": "463853", "name": "200 calories or less snacking"}, {"id": "478373", "name": "Lunchtime inspiration"}, {"id": "478361", "name": "Pub food & drink"}, {"id": "495868", "name": "Walkers"}, {"id": "524852", "name": "Add some crunch to your lunch with Walkers"}, {"id": "577855", "name": "Win a free lunch"}, {"id": "603852", "name": "January refresh"}, {"id": "570358", "name": "New Year New You"}, {"id": "560854", "name": "Win \u00a3100 every month"}, {"id": "589852", "name": "Lunchbox favourites"}], "attributes": {"brand": ["Quavers", "Walkers"]}, "is_supply_chain_orderable": false, "display_icons": [], "pdp_deep_link": "/shop/ProductDisplay?storeId=10151&langId=44&productId=80706"}, {"product_uid": "1408713", "favourite_uid": null, "eans": ["0000001408713"], "product_type": "BASIC", "name": "Sainsbury's British Mature Grated Cheddar Cheese 250g", "image": "https://www.sainsburys.co.uk/wcsstore/ExtendedSitesCatalogAssetStore/images/catalog/productImages/13/0000001408713/0000001408713_L.jpeg", "image_zoom": null, "image_thumbnail": "https://www.sainsburys.co.uk/wcsstore/ExtendedSitesCatalogAssetStore/images/catalog/productImages/13/0000001408713/0000001408713_M.jpeg", "image_thumbnail_small": "https://www.sainsburys.co.uk/wcsstore/ExtendedSitesCatalogAssetStore/images/catalog/productImages/13/0000001408713/0000001408713_S.jpeg", "full_url": "https://www.sainsburys.co.uk/shop/gb/groceries/product/details/sainsburys-british-mature-grated-cheddar-250g", "unit_price": {"price": 10.4, "measure": "kg", "measure_amount": 1}, "retail_price": {"price": 2.6, "measure": "unit"}, "is_available": true, "promotions": [], "associations": [], "is_alcoholic": false, "is_spotlight": false, "is_intolerant": false, "is_mhra": false, "badges": [], "labels": [{"label_uid": "Chilled", "text": "Chilled", "alt_text": "Chilled", "color": "#005096", "link_opens_in_new_window": false}, {"label_uid": "British", "text": "BRITISH", "alt_text": "BRITISH", "color": "#4c4c4c", "link_opens_in_new_window": false}], "zone": null, "department": null, "reviews": {"is_enabled": true, "product_uid": "1408713", "total": 301, "average_rating": 4.6578}, "breadcrumbs": [], "assets": {"plp_image": "https://assets.sainsburys-groceries.co.uk/gol/1408713/image.jpg", "images": [], "video": []}, "description": [], "important_information": ["The above details have been prepared to help you select suitable products. Products and their ingredients are liable to change.", "<strong>You should always read the label before consuming or using the product and never rely solely on the information presented here.", "If you require specific advice on any Sainsbury's branded product, please contact our Customer Careline on 0800 636262. For all other products, please contact the manufacturer, whose details will appear on the packaging or label. Sainsbury's is therefore unable to accept liability for any incorrect information.", "You should also note that the picture / images show only our serving suggestions of how to serve or prepare your food \u2013 all accessories and additional items and/or ingredients pictured with the product you are purchasing are not included.", "This information is supplied for your personal use only. It may not be reproduced in any way without the prior consent of Sainsbury's Supermarkets Ltd and due acknowledgement"], "attachments": [], "categories": [{"id": "641353", "name": "Best of British"}, {"id": "621362", "name": "Walkers & Heinz Lunch time shop"}, {"id": "604354", "name": "Best of British"}, {"id": "355438", "name": "Pancake Day"}, {"id": "428900", "name": "Cheddar & British regional cheese"}, {"id": "428901", "name": "Sliced & grated cheese"}, {"id": "474584", "name": "First shop essentials"}, {"id": "474592", "name": "Dairy & chilled essentials"}], "attributes": {"brand": ["Sainsbury's"]}, "is_supply_chain_orderable": false, "display_icons": ["Chilled", "British"], "pdp_deep_link": "/shop/ProductDisplay?storeId=10151&langId=44&productId=109780"}, {"product_uid": "7646915", "favourite_uid": null, "eans": ["0000000123778"], "product_type": "BASIC", "name": "Stamford Street Co. Mature Cheddar Cheese 600g", "image": "https://www.sainsburys.co.uk/wcsstore/ExtendedSitesCatalogAssetStore/images/catalog/productImages/78/0000000123778/0000000123778_L.jpeg", "image_zoom": null, "image_thumbnail": "https://www.sainsburys.co.uk/wcsstore/ExtendedSitesCatalogAssetStore/images/catalog/productImages/78/0000000123778/0000000123778_M.jpeg", "image_thumbnail_small": "https://www.sainsburys.co.uk/wcsstore/ExtendedSitesCatalogAssetStore/images/catalog/productImages/78/0000000123778/0000000123778_S.jpeg", "full_url": "https://www.sainsburys.co.uk/shop/gb/groceries/product/details/sainsburys-full-flavour-cheddar--basics-625g", "unit_price": {"price": 6.42, "measure": "kg", "measure_amount": 1}, "retail_price": {"price": 3.85, "measure": "unit"}, "is_available": true, "promotions": [], "associations": [], "is_alcoholic": false, "is_spotlight": false, "is_intolerant": false, "is_mhra": false, "badges": [], "labels": [{"label_uid": "Aldi Price Match", "text": "ALDI PRICE MATCH*", "alt_text": "ALDI PRICE MATCH*", "color": "#D70000", "link": "https://www.sainsburys.co.uk/gol-ui/events/aldi-price-match", "link_opens_in_new_window": false}], "zone": null, "department": null, "reviews": {"is_enabled": true, "product_uid": "7646915", "total": 272, "average_rating": 3.9081}, "breadcrumbs": [], "assets": {"plp_image": "https://assets.sainsburys-groceries.co.uk/gol/7646915/image.jpg", "images": [], "video": []}, "description": [], "important_information": ["The above details have been prepared to help you select suitable products. Products and their ingredients are liable to change.", "<strong>You should always read the label before consuming or using the product and never rely solely on the information presented here.", "If you require specific advice on any Sainsbury's branded product, please contact our Customer Careline on 0800 636262. For all other products, please contact the manufacturer, whose details will appear on the packaging or label. Sainsbury's is therefore unable to accept liability for any incorrect information.", "You should also note that the picture / images show only our serving suggestions of how to serve or prepare your food \u2013 all accessories and additional items and/or ingredients pictured with the product you are purchasing are not included.", "This information is supplied for your personal use only. It may not be reproduced in any way without the prior consent of Sainsbury's Supermarkets Ltd and due acknowledgement"], "attachments": [], "categories": [{"id": "607852", "name": "Stamford Street Co."}, {"id": "607854", "name": "Aldi Price Match"}, {"id": "428900", "name": "Cheddar & British regional cheese"}, {"id": "463861", "name": "Price Lock"}, {"id": "474592", "name": "Dairy & chilled essentials"}, {"id": "581853", "name": "Stamford Street Co."}, {"id": "570356", "name": "Our best value own brands"}], "attributes": {"brand": ["Stamford Street Co."]}, "is_supply_chain_orderable": false, "display_icons": ["Aldi Price Match"], "pdp_deep_link": "/shop/ProductDisplay?storeId=10151&langId=44&productId=473712"}, {"product_uid": "6032646", "favourite_uid": null, "eans": ["0000001099096"], "product_type": "BASIC", "name": "Sainsbury's Grated Mozzarella Cheese 250g", "image": "https://www.sainsburys.co.uk/wcsstore/ExtendedSitesCatalogAssetStore/images/catalog/productImages/96/0000001099096/0000001099096_L.jpeg", "image_zoom": null, "image_thumbnail": "https://www.sainsburys.co.uk/wcsstore/ExtendedSitesCatalogAssetStore/images/catalog/productImages/96/0000001099096/0000001099096_M.jpeg", "image_thumbnail_small": "https://www.sainsburys.co.uk/wcsstore/ExtendedSitesCatalogAssetStore/images/catalog/productImages/96/0000001099096/0000001099096_S.jpeg", "full_url": "https://www.sainsburys.co.uk/shop/gb/groceries/product/details/sainsburys-grated-mozzarella-250g", "unit_price": {"price": 10.4, "measure": "kg", "measure_amount": 1}, "retail_price": {"price": 2.6, "measure": "unit"}, "is_available": true, "promotions": [], "associations": [], "is_alcoholic": false, "is_spotlight": false, "is_intolerant": false, "is_mhra": false, "badges": [], "labels": [{"label_uid": "Chilled", "text": "Chilled", "alt_text": "Chilled", "color": "#005096", "link_opens_in_new_window": false}], "zone": null, "department": null, "reviews": {"is_enabled": true, "product_uid": "6032646", "total": 237, "average_rating": 4.6118}, "breadcrumbs": [], "assets": {"plp_image": "https://assets.sainsburys-groceries.co.uk/gol/6032646/image.jpg", "images": [], "video": []}, "description": [], "important_information": ["The above details have been prepared to help you select suitable products. Products and their ingredients are liable to change.", "<strong>You should always read the label before consuming or using the product and never rely solely on the information presented here.", "If you require specific advice on any Sainsbury's branded product, please contact our Customer Careline on 0800 636262. For all other products, please contact the manufacturer, whose details will appear on the packaging or label. Sainsbury's is therefore unable to accept liability for any incorrect information.", "You should also note that the picture / images show only our serving suggestions of how to serve or prepare your food \u2013 all accessories and additional items and/or ingredients pictured with the product you are purchasing are not included.", "This information is supplied for your personal use only. It may not be reproduced in any way without the prior consent of Sainsbury's Supermarkets Ltd and due acknowledgement"], "attachments": [], "categories": [{"id": "651360", "name": "Mediterranean food"}, {"id": "428905", "name": "Speciality & continental cheese"}, {"id": "428901", "name": "Sliced & grated cheese"}, {"id": "474584", "name": "First shop essentials"}, {"id": "474592", "name": "Dairy & chilled essentials"}], "attributes": {"brand": ["Sainsbury's"]}, "is_supply_chain_orderable": false, "display_icons": ["Chilled"], "pdp_deep_link": "/shop/ProductDisplay?storeId=10151&langId=44&productId=113828"}, {"product_uid": "7178847", "favourite_uid": null, "eans": ["0000001697056"], "product_type": "BASIC", "name": "Sainsbury's British Mild Cheddar Cheese 400g", "image": "https://www.sainsburys.co.uk/wcsstore/ExtendedSitesCatalogAssetStore/images/catalog/productImages/56/0000001697056/0000001697056_L.jpeg", "image_zoom": null, "image_thumbnail": "https://www.sainsburys.co.uk/wcsstore/ExtendedSitesCatalogAssetStore/images/catalog/productImages/56/0000001697056/0000001697056_M.jpeg", "image_thumbnail_small": "https://www.sainsburys.co.uk/wcsstore/ExtendedSitesCatalogAssetStore/images/catalog/productImages/56/0000001697056/0000001697056_S.jpeg", "full_url": "https://www.sainsburys.co.uk/shop/gb/groceries/product/details/sainsburys-british-mild-cheese-400g", "unit_price": {"price": 8.38, "measure": "kg", "measure_amount": 1}, "retail_price": {"price": 3.35, "measure": "unit"}, "is_available": true, "promotions": [], "associations": [], "is_alcoholic": false, "is_spotlight": false, "is_intolerant": false, "is_mhra": false, "badges": [], "labels": [{"label_uid": "Chilled", "text": "Chilled", "alt_text": "Chilled", "color": "#005096", "link_opens_in_new_window": false}, {"label_uid": "British", "text": "BRITISH", "alt_text": "BRITISH", "color": "#4c4c4c", "link_opens_in_new_window": false}], "zone": null, "department": null, "reviews": {"is_enabled": true, "product_uid": "7178847", "total": 131, "average_rating": 4.3817}, "breadcrumbs": [], "assets": {"plp_image": "https://assets.sainsburys-groceries.co.uk/gol/7178847/image.jpg", "images": [], "video": []}, "description": [], "important_information": ["The above details have been prepared to help you select suitable products. Products and their ingredients are liable to change.", "<strong>You should always read the label before consuming or using the product and never rely solely on the information presented here.", "If you require specific advice on any Sainsbury's branded product, please contact our Customer Careline on 0800 636262. For all other products, please contact the manufacturer, whose details will appear on the packaging or label. Sainsbury's is therefore unable to accept liability for any incorrect information.", "You should also note that the picture / images show only our serving suggestions of how to serve or prepare your food \u2013 all accessories and additional items and/or ingredients pictured with the product you are purchasing are not included.", "This information is supplied for your personal use only. It may not be reproduced in any way without the prior consent of Sainsbury's Supermarkets Ltd and due acknowledgement"], "attachments": [], "categories": [{"id": "641353", "name": "Best of British"}, {"id": "604354", "name": "Best of British"}, {"id": "649357", "name": "Lunch and snacks"}, {"id": "428900", "name": "Cheddar & British regional cheese"}, {"id": "463861", "name": "Price Lock"}, {"id": "474592", "name": "Dairy & chilled essentials"}], "attributes": {"brand": ["Sainsbury's"]}, "is_supply_chain_orderable": false, "display_icons": ["Chilled", "British"], "pdp_deep_link": "/shop/ProductDisplay?storeId=10151&langId=44&productId=118472"}, {"product_uid": "7299624", "favourite_uid": null, "eans": ["0000001734553"], "product_type": "BASIC", "name": "Sainsbury's Red Leicester Cheese 250g", "image": "https://www.sainsburys.co.uk/wcsstore/ExtendedSitesCatalogAssetStore/images/catalog/productImages/53/0000001734553/0000001734553_L.jpeg", "image_zoom": null, "image_thumbnail": "https://www.sainsburys.co.uk/wcsstore/ExtendedSitesCatalogAssetStore/images/catalog/productImages/53/0000001734553/0000001734553_M.jpeg", "image_thumbnail_small": "https://www.sainsburys.co.uk/wcsstore/ExtendedSitesCatalogAssetStore/images/catalog/productImages/53/0000001734553/0000001734553_S.jpeg", "full_url": "https://www.sainsburys.co.uk/shop/gb/groceries/product/details/sainsburys-red-leicester-250g", "unit_price": {"price": 11.4, "measure": "kg", "measure_amount": 1}, "retail_price": {"price": 2.85, "measure": "unit"}, "is_available": true, "promotions": [], "associations": [], "is_alcoholic": false, "is_spotlight": false, "is_intolerant": false, "is_mhra": false, "badges": [], "labels": [], "zone": null, "department": null, "reviews": {"is_enabled": true, "product_uid": "7299624", "total": 216, "average_rating": 4.7685}, "breadcrumbs": [], "assets": {"plp_image": "https://assets.sainsburys-groceries.co.uk/gol/7299624/image.jpg", "images": [], "video": []}, "description": [], "important_information": ["The above details have been prepared to help you select suitable products. Products and their ingredients are liable to change.", "<strong>You should always read the label before consuming or using the product and never rely solely on the information presented here.", "If you require specific advice on any Sainsbury's branded product, please contact our Customer Careline on 0800 636262. For all other products, please contact the manufacturer, whose details will appear on the packaging or label. Sainsbury's is therefore unable to accept liability for any incorrect information.", "You should also note that the picture / images show only our serving suggestions of how to serve or prepare your food \u2013 all accessories and additional items and/or ingredients pictured with the product you are purchasing are not included.", "This information is supplied for your personal use only. It may not be reproduced in any way without the prior consent of Sainsbury's Supermarkets Ltd and due acknowledgement"], "attachments": [], "categories": [{"id": "649380", "name": "Regional cheese"}, {"id": "428900", "name": "Cheddar & British regional cheese"}, {"id": "561852", "name": "Build a Cheeseboard"}], "attributes": {"brand": ["Sainsbury's"]}, "is_supply_chain_orderable": false, "display_icons": [], "pdp_deep_link": "/shop/ProductDisplay?storeId=10151&langId=44&productId=119572"}, {"product_uid": "1225990", "favourite_uid": null, "eans": ["0000001225990"], "product_type": "BASIC", "name": "Sainsbury's British Mature Cheddar Cheese Slices 240g", "image": "https://www.sainsburys.co.uk/wcsstore/ExtendedSitesCatalogAssetStore/images/catalog/productImages/90/0000001225990/0000001225990_L.jpeg", "image_zoom": null, "image_thumbnail": "https://www.sainsburys.co.uk/wcsstore/ExtendedSitesCatalogAssetStore/images/catalog/productImages/90/0000001225990/0000001225990_M.jpeg", "image_thumbnail_small": "https://www.sainsburys.co.uk/wcsstore/ExtendedSitesCatalogAssetStore/images/catalog/productImages/90/0000001225990/0000001225990_S.jpeg", "full_url": "https://www.sainsburys.co.uk/shop/gb/groceries/product/details/sainsburys-british-mature-cheddar-slices-240g", "unit_price": {"price": 11.88, "measure": "kg", "measure_amount": 1}, "retail_price": {"price": 2.85, "measure": "unit"}, "is_available": true, "promotions": [], "associations": [], "is_alcoholic": false, "is_spotlight": false, "is_intolerant": false, "is_mhra": false, "badges": [], "labels": [{"label_uid": "Chilled", "text": "Chilled", "alt_text": "Chilled", "color": "#005096", "link_opens_in_new_window": false}, {"label_uid": "British", "text": "BRITISH", "alt_text": "BRITISH", "color": "#4c4c4c", "link_opens_in_new_window": false}], "zone": null, "department": null, "reviews": {"is_enabled": true, "product_uid": "1225990", "total": 202, "average_rating": 4.505}, "breadcrumbs": [], "assets": {"plp_image": "https://assets.sainsburys-groceries.co.uk/gol/1225990/image.jpg", "images": [], "video": []}, "description": [], "important_information": ["The above details have been prepared to help you select suitable products. Products and their ingredients are liable to change.", "<strong>You should always read the label before consuming or using the product and never rely solely on the information presented here.", "If you require specific advice on any Sainsbury's branded product, please contact our Customer Careline on 0800 636262. For all other products, please contact the manufacturer, whose details will appear on the packaging or label. Sainsbury's is therefore unable to accept liability for any incorrect information.", "You should also note that the picture / images show only our serving suggestions of how to serve or prepare your food \u2013 all accessories and additional items and/or ingredients pictured with the product you are purchasing are not included.", "This information is supplied for your personal use only. It may not be reproduced in any way without the prior consent of Sainsbury's Supermarkets Ltd and due acknowledgement"], "attachments": [], "categories": [{"id": "641353", "name": "Best of British"}, {"id": "621362", "name": "Walkers & Heinz Lunch time shop"}, {"id": "607911", "name": "Enjoy Summer whatever the weather"}, {"id": "607912", "name": "BBQ indoors"}, {"id": "607868", "name": "Whatever the weather"}, {"id": "607874", "name": "Buns, toppings & sauces"}, {"id": "607858", "name": "BBQ"}, {"id": "604354", "name": "Best of British"}, {"id": "607866", "name": "Staycations"}, {"id": "417428", "name": "Six Nations with Guinness"}, {"id": "428900", "name": "Cheddar & British regional cheese"}, {"id": "428901", "name": "Sliced & grated cheese"}, {"id": "431867", "name": "Watch the sport"}, {"id": "432369", "name": "New"}, {"id": "431864", "name": "Summer is coming"}, {"id": "434363", "name": "BBQ"}, {"id": "474586", "name": "All Summer"}, {"id": "474592", "name": "Dairy & chilled essentials"}], "attributes": {"brand": ["Sainsbury's"]}, "is_supply_chain_orderable": false, "display_icons": ["Chilled", "British"], "pdp_deep_link": "/shop/ProductDisplay?storeId=10151&langId=44&productId=109582"}, {"product_uid": "7542206", "favourite_uid": null, "eans": ["5018929050919", "5000165035614"], "product_type": "BASIC", "name": "Pilgrims Choice Extra Mature Cheddar Cheese 350g", "image": "https://www.sainsburys.co.uk/wcsstore/ExtendedSitesCatalogAssetStore/images/catalog/productImages/14/5000165035614/5000165035614_L.jpeg", "image_zoom": null, "image_thumbnail": "https://www.sainsburys.co.uk/wcsstore/ExtendedSitesCatalogAssetStore/images/catalog/productImages/14/5000165035614/5000165035614_M.jpeg", "image_thumbnail_small": "https://www.sainsburys.co.uk/wcsstore/ExtendedSitesCatalogAssetStore/images/catalog/productImages/14/5000165035614/5000165035614_S.jpeg", "full_url": "https://www.sainsburys.co.uk/shop/gb/groceries/product/details/pilgrims-choice-extra-mature-350g", "unit_price": {"price": 12, "measure": "kg", "measure_amount": 1}, "retail_price": {"price": 3, "measure": "unit"}, "nectar_price": {"retail_price": 3, "unit_price": 8.57, "measure": "unit", "url": "https://www.sainsburys.co.uk/shop/gb/groceries/new---trending/nectar-prices", "category_seo_url": "gb/groceries/new---trending/nectar-prices"}, "is_available": true, "promotions": [{"promotion_uid": "10718818", "icon": "https://www.sainsburys.co.uk/wcsstore/Sainsburys/Promotion assets/Promotion icons/Buy_X_For_Y_Amt_S_Icon.gif", "link": "/gol-ui/promo-lister/10718818", "strap_line": "Buy 1 for 3", "start_date": "2025-12-10T00:00:00Z", "end_date": "2025-12-31T00:00:00Z", "original_price": 4.2, "promo_mechanic_id": "99", "is_nectar": true, "promo_type": "SIMPLE_FIXED_PRICE", "promo_group": "simple"}], "sponsored_locations": ["Homepage"], "associations": [], "is_alcoholic": false, "is_spotlight": false, "is_intolerant": false, "is_mhra": false, "badges": [], "labels": [{"label_uid": "Chilled", "text": "Chilled", "alt_text": "Chilled", "color": "#005096", "link_opens_in_new_window": false}], "zone": null, "department": null, "reviews": {"is_enabled": true, "product_uid": "7542206", "total": 79, "average_rating": 3.5696}, "breadcrumbs": [], "assets": {"plp_image": "https://assets.sainsburys-groceries.co.uk/gol/7542206/image.jpg", "images": [], "video": []}, "description": [], "important_information": ["The above details have been prepared to help you select suitable products. Products and their ingredients are liable to change.", "<strong>You should always read the label before consuming or using the product and never rely solely on the information presented here.", "If you require specific advice on any Sainsbury's branded product, please contact our Customer Careline on 0800 636262. For all other products, please contact the manufacturer, whose details will appear on the packaging or label. Sainsbury's is therefore unable to accept liability for any incorrect information.", "You should also note that the picture / images show only our serving suggestions of how to serve or prepare your food \u2013 all accessories and additional items and/or ingredients pictured with the product you are purchasing are not included.", "This information is supplied for your personal use only. It may not be reproduced in any way without the prior consent of Sainsbury's Supermarkets Ltd and due acknowledgement"], "attachments": [], "categories": [{"id": "428374", "name": "Special offers"}, {"id": "428376", "name": "Special offers"}, {"id": "428900", "name": "Cheddar & British regional cheese"}, {"id": "474592", "name": "Dairy & chilled essentials"}, {"id": "561852", "name": "Build a Cheeseboard"}], "header": {"text": "Nectar price", "type": "NECTAR"}, "attributes": {"brand": ["Pilgrims Choice"]}, "is_supply_chain_orderable": false, "display_icons": ["Chilled"], "pdp_deep_link": "/shop/ProductDisplay?storeId=10151&langId=44&productId=123674"}, {"product_uid": "3074374", "favourite_uid": null, "eans": ["3073780225960", "3073780586863", "3073780879613", "3073780917223"], "product_type": "BASIC", "name": "Mini Babybel Original Cheese Snacks 12x20g", "image": "https://www.sainsburys.co.uk/wcsstore/ExtendedSitesCatalogAssetStore/images/catalog/productImages/60/3073780225960/3073780225960_L.jpeg", "image_zoom": null, "image_thumbnail": "https://www.sainsburys.co.uk/wcsstore/ExtendedSitesCatalogAssetStore/images/catalog/productImages/60/3073780225960/3073780225960_M.jpeg", "image_thumbnail_small": "https://www.sainsburys.co.uk/wcsstore/ExtendedSitesCatalogAssetStore/images/catalog/productImages/60/3073780225960/3073780225960_S.jpeg", "full_url": "https://www.sainsburys.co.uk/shop/gb/groceries/product/details/babybel-family-pack-12x20g", "unit_price": {"price": 14.79, "measure": "kg", "measure_amount": 1}, "retail_price": {"price": 3.55, "measure": "unit"}, "is_available": true, "promotions": [], "sponsored_locations": ["Checkout Espot"], "associations": [], "is_alcoholic": false, "is_spotlight": false, "is_intolerant": false, "is_mhra": false, "badges": [], "labels": [{"label_uid": "Chilled", "text": "Chilled", "alt_text": "Chilled", "color": "#005096", "link_opens_in_new_window": false}], "zone": null, "department": null, "reviews": {"is_enabled": true, "product_uid": "3074374", "total": 34, "average_rating": 4.0588}, "breadcrumbs": [], "assets": {"plp_image": "https://assets.sainsburys-groceries.co.uk/gol/3074374/image.jpg", "images": [], "video": []}, "description": [], "important_information": ["The above details have been prepared to help you select suitable products. Products and their ingredients are liable to change.", "<strong>You should always read the label before consuming or using the product and never rely solely on the information presented here.", "If you require specific advice on any Sainsbury's branded product, please contact our Customer Careline on 0800 636262. For all other products, please contact the manufacturer, whose details will appear on the packaging or label. Sainsbury's is therefore unable to accept liability for any incorrect information.", "You should also note that the picture / images show only our serving suggestions of how to serve or prepare your food \u2013 all accessories and additional items and/or ingredients pictured with the product you are purchasing are not included.", "This information is supplied for your personal use only. It may not be reproduced in any way without the prior consent of Sainsbury's Supermarkets Ltd and due acknowledgement"], "attachments": [], "categories": [{"id": "649357", "name": "Lunch and snacks"}, {"id": "417429", "name": "Red Nose Day"}, {"id": "428909", "name": "Snacking & lunchbox cheese"}, {"id": "480353", "name": "Bigger packs"}, {"id": "504352", "name": "Snack time treats"}, {"id": "591852", "name": "Back in the Routine"}], "attributes": {"brand": ["Babybel"]}, "is_supply_chain_orderable": false, "display_icons": ["Chilled"], "pdp_deep_link": "/shop/ProductDisplay?storeId=10151&langId=44&productId=111290"}, {"product_uid": "2002941", "favourite_uid": null, "eans": ["3073780400862", "3073780828628", "3073780850704", "3073780902366"], "product_type": "BASIC", "name": "Mini Babybel Original Cheese Snacks 6x20g", "image": "https://www.sainsburys.co.uk/wcsstore/ExtendedSitesCatalogAssetStore/images/catalog/productImages/28/3073780828628/3073780828628_L.jpeg", "image_zoom": null, "image_thumbnail": "https://www.sainsburys.co.uk/wcsstore/ExtendedSitesCatalogAssetStore/images/catalog/productImages/28/3073780828628/3073780828628_M.jpeg", "image_thumbnail_small": "https://www.sainsburys.co.uk/wcsstore/ExtendedSitesCatalogAssetStore/images/catalog/productImages/28/3073780828628/3073780828628_S.jpeg", "full_url": "https://www.sainsburys.co.uk/shop/gb/groceries/product/details/mini-babybel-120g", "unit_price": {"price": 20.42, "measure": "kg", "measure_amount": 1}, "retail_price": {"price": 2.45, "measure": "unit"}, "is_available": true, "promotions": [], "associations": [], "is_alcoholic": false, "is_spotlight": false, "is_intolerant": false, "is_mhra": false, "badges": [], "labels": [{"label_uid": "Chilled", "text": "Chilled", "alt_text": "Chilled", "color": "#005096", "link_opens_in_new_window": false}], "zone": null, "department": null, "reviews": {"is_enabled": true, "product_uid": "2002941", "total": 34, "average_rating": 4.0588}, "breadcrumbs": [], "assets": {"plp_image": "https://assets.sainsburys-groceries.co.uk/gol/2002941/image.jpg", "images": [], "video": []}, "description": [], "important_information": ["The above details have been prepared to help you select suitable products. Products and their ingredients are liable to change.", "<strong>You should always read the label before consuming or using the product and never rely solely on the information presented here.", "If you require specific advice on any Sainsbury's branded product, please contact our Customer Careline on 0800 636262. For all other products, please contact the manufacturer, whose details will appear on the packaging or label. Sainsbury's is therefore unable to accept liability for any incorrect information.", "You should also note that the picture / images show only our serving suggestions of how to serve or prepare your food \u2013 all accessories and additional items and/or ingredients pictured with the product you are purchasing are not included.", "This information is supplied for your personal use only. It may not be reproduced in any way without the prior consent of Sainsbury's Supermarkets Ltd and due acknowledgement"], "attachments": [], "categories": [{"id": "417429", "name": "Red Nose Day"}, {"id": "428909", "name": "Snacking & lunchbox cheese"}, {"id": "474592", "name": "Dairy & chilled essentials"}], "attributes": {"brand": ["Babybel"]}, "is_supply_chain_orderable": false, "display_icons": ["Chilled"], "pdp_deep_link": "/shop/ProductDisplay?storeId=10151&langId=44&productId=109848"}, {"product_uid": "1304466", "favourite_uid": null, "eans": ["0000001304923", "0000001304466", "0000000492539"], "product_type": "BASIC", "name": "Sainsbury's Grated Parmesan Cheese 120g", "image": "https://www.sainsburys.co.uk/wcsstore/ExtendedSitesCatalogAssetStore/images/catalog/productImages/39/0000000492539/0000000492539_L.jpeg", "image_zoom": null, "image_thumbnail": "https://www.sainsburys.co.uk/wcsstore/ExtendedSitesCatalogAssetStore/images/catalog/productImages/39/0000000492539/0000000492539_M.jpeg", "image_thumbnail_small": "https://www.sainsburys.co.uk/wcsstore/ExtendedSitesCatalogAssetStore/images/catalog/productImages/39/0000000492539/0000000492539_S.jpeg", "full_url": "https://www.sainsburys.co.uk/shop/gb/groceries/product/details/sainsburys-grated-parmesan-120g", "unit_price": {"price": 27.5, "measure": "kg", "measure_amount": 1}, "retail_price": {"price": 3.3, "measure": "unit"}, "is_available": true, "promotions": [], "associations": [], "is_alcoholic": false, "is_spotlight": false, "is_intolerant": false, "is_mhra": false, "badges": [], "labels": [], "zone": null, "department": null, "reviews": {"is_enabled": true, "product_uid": "1304466", "total": 51, "average_rating": 4.8039}, "breadcrumbs": [], "assets": {"plp_image": "https://assets.sainsburys-groceries.co.uk/gol/1304466/image.jpg", "images": [], "video": []}, "description": [], "important_information": ["The above details have been prepared to help you select suitable products. Products and their ingredients are liable to change.", "<strong>You should always read the label before consuming or using the product and never rely solely on the information presented here.", "If you require specific advice on any Sainsbury's branded product, please contact our Customer Careline on 0800 636262. For all other products, please contact the manufacturer, whose details will appear on the packaging or label. Sainsbury's is therefore unable to accept liability for any incorrect information.", "You should also note that the picture / images show only our serving suggestions of how to serve or prepare your food \u2013 all accessories and additional items and/or ingredients pictured with the product you are purchasing are not included.", "This information is supplied for your personal use only. It may not be reproduced in any way without the prior consent of Sainsbury's Supermarkets Ltd and due acknowledgement"], "attachments": [], "categories": [{"id": "651360", "name": "Mediterranean food"}, {"id": "649377", "name": "Parmesan and pecorino"}, {"id": "355438", "name": "Pancake Day"}, {"id": "428901", "name": "Sliced & grated cheese"}, {"id": "428905", "name": "Speciality & continental cheese"}, {"id": "474592", "name": "Dairy & chilled essentials"}], "is_supply_chain_orderable": false, "display_icons": [], "pdp_deep_link": "/shop/ProductDisplay?storeId=10151&langId=44&productId=17274"}, {"product_uid": "1359701", "favourite_uid": null, "eans": ["0000001359893"], "product_type": "BASIC", "name": "Sainsbury's Fresh Grated Parmigiano Cheese 60g", "image": "https://www.sainsburys.co.uk/wcsstore/ExtendedSitesCatalogAssetStore/images/catalog/productImages/93/0000001359893/0000001359893_L.jpeg", "image_zoom": null, "image_thumbnail": "https://www.sainsburys.co.uk/wcsstore/ExtendedSitesCatalogAssetStore/images/catalog/productImages/93/0000001359893/0000001359893_M.jpeg", "image_thumbnail_small": "https://www.sainsburys.co.uk/wcsstore/ExtendedSitesCatalogAssetStore/images/catalog/productImages/93/0000001359893/0000001359893_S.jpeg", "full_url": "https://www.sainsburys.co.uk/shop/gb/groceries/product/details/sainsburys-fresh-grated-parmigiano-60g", "unit_price": {"price": 29.17, "measure": "kg", "measure_amount": 1}, "retail_price": {"price": 1.75, "measure": "unit"}, "is_available": true, "promotions": [], "associations": [], "is_alcoholic": false, "is_spotlight": false, "is_intolerant": false, "is_mhra": false, "badges": [], "labels": [], "zone": null, "department": null, "reviews": {"is_enabled": true, "product_uid": "1359701", "total": 78, "average_rating": 4.7436}, "breadcrumbs": [], "assets": {"plp_image": "https://assets.sainsburys-groceries.co.uk/gol/1359701/image.jpg", "images": [], "video": []}, "description": [], "important_information": ["The above details have been prepared to help you select suitable products. Products and their ingredients are liable to change.", "<strong>You should always read the label before consuming or using the product and never rely solely on the information presented here.", "If you require specific advice on any Sainsbury's branded product, please contact our Customer Careline on 0800 636262. For all other products, please contact the manufacturer, whose details will appear on the packaging or label. Sainsbury's is therefore unable to accept liability for any incorrect information.", "You should also note that the picture / images show only our serving suggestions of how to serve or prepare your food \u2013 all accessories and additional items and/or ingredients pictured with the product you are purchasing are not included.", "This information is supplied for your personal use only. It may not be reproduced in any way without the prior consent of Sainsbury's Supermarkets Ltd and due acknowledgement"], "attachments": [], "categories": [{"id": "651360", "name": "Mediterranean food"}, {"id": "649377", "name": "Parmesan and pecorino"}, {"id": "428901", "name": "Sliced & grated cheese"}, {"id": "428905", "name": "Speciality & continental cheese"}], "is_supply_chain_orderable": false, "display_icons": [], "pdp_deep_link": "/shop/ProductDisplay?storeId=10151&langId=44&productId=17332"}, {"product_uid": "7982446", "favourite_uid": null, "eans": ["0000000370950"], "product_type": "BASIC", "name": "Stamford Street Co. Soft Cheese 200g", "image": "https://www.sainsburys.co.uk/wcsstore/ExtendedSitesCatalogAssetStore/images/catalog/productImages/50/0000000370950/0000000370950_L.jpeg", "image_zoom": null, "image_thumbnail": "https://www.sainsburys.co.uk/wcsstore/ExtendedSitesCatalogAssetStore/images/catalog/productImages/50/0000000370950/0000000370950_M.jpeg", "image_thumbnail_small": "https://www.sainsburys.co.uk/wcsstore/ExtendedSitesCatalogAssetStore/images/catalog/productImages/50/0000000370950/0000000370950_S.jpeg", "full_url": "https://www.sainsburys.co.uk/shop/gb/groceries/product/details/mary-anns-dairy-soft-cheese-200g", "unit_price": {"price": 4.75, "measure": "kg", "measure_amount": 1}, "retail_price": {"price": 0.95, "measure": "unit"}, "is_available": true, "promotions": [], "associations": [], "is_alcoholic": false, "is_spotlight": false, "is_intolerant": false, "is_mhra": false, "badges": [], "labels": [{"label_uid": "Aldi Price Match", "text": "ALDI PRICE MATCH*", "alt_text": "ALDI PRICE MATCH*", "color": "#D70000", "link": "https://www.sainsburys.co.uk/gol-ui/events/aldi-price-match", "link_opens_in_new_window": false}], "zone": null, "department": null, "reviews": {"is_enabled": true, "product_uid": "7982446", "total": 184, "average_rating": 4.625}, "breadcrumbs": [], "assets": {"plp_image": "https://assets.sainsburys-groceries.co.uk/gol/7982446/image.jpg", "images": [], "video": []}, "description": [], "important_information": ["The above details have been prepared to help you select suitable products. Products and their ingredients are liable to change.", "<strong>You should always read the label before consuming or using the product and never rely solely on the information presented here.", "If you require specific advice on any Sainsbury's branded product, please contact our Customer Careline on 0800 636262. For all other products, please contact the manufacturer, whose details will appear on the packaging or label. Sainsbury's is therefore unable to accept liability for any incorrect information.", "You should also note that the picture / images show only our serving suggestions of how to serve or prepare your food \u2013 all accessories and additional items and/or ingredients pictured with the product you are purchasing are not included.", "This information is supplied for your personal use only. It may not be reproduced in any way without the prior consent of Sainsbury's Supermarkets Ltd and due acknowledgement"], "attachments": [], "categories": [{"id": "607852", "name": "Stamford Street Co."}, {"id": "607854", "name": "Aldi Price Match"}, {"id": "649376", "name": "Cream cheese"}, {"id": "428902", "name": "Soft & cottage cheese"}, {"id": "502859", "name": "Aldi Price Match"}, {"id": "581853", "name": "Stamford Street Co."}, {"id": "570356", "name": "Our best value own brands"}], "attributes": {"brand": ["Stamford Street Co."]}, "is_supply_chain_orderable": false, "display_icons": ["Aldi Price Match"], "pdp_deep_link": "/shop/ProductDisplay?storeId=10151&langId=44&productId=1316166"}, {"product_uid": "7375086", "favourite_uid": null, "eans": ["5000295141612"], "product_type": "BASIC", "name": "Cathedral City Lighter Mature Cheddar Cheese 350g", "image": "https://www.sainsburys.co.uk/wcsstore/ExtendedSitesCatalogAssetStore/images/catalog/productImages/12/5000295141612/5000295141612_L.jpeg", "image_zoom": null, "image_thumbnail": "https://www.sainsburys.co.uk/wcsstore/ExtendedSitesCatalogAssetStore/images/catalog/productImages/12/5000295141612/5000295141612_M.jpeg", "image_thumbnail_small": "https://www.sainsburys.co.uk/wcsstore/ExtendedSitesCatalogAssetStore/images/catalog/productImages/12/5000295141612/5000295141612_S.jpeg", "full_url": "https://www.sainsburys.co.uk/shop/gb/groceries/product/details/cathedral-city-lighter-350g", "unit_price": {"price": 10.71, "measure": "kg", "measure_amount": 1}, "retail_price": {"price": 3.75, "measure": "unit"}, "is_available": true, "promotions": [], "associations": [], "is_alcoholic": false, "is_spotlight": false, "is_intolerant": false, "is_mhra": false, "badges": [], "labels": [{"label_uid": "Chilled", "text": "Chilled", "alt_text": "Chilled", "color": "#005096", "link_opens_in_new_window": false}], "zone": null, "department": null, "reviews": {"is_enabled": true, "product_uid": "7375086", "total": 27, "average_rating": 4.5926}, "breadcrumbs": [], "assets": {"plp_image": "https://assets.sainsburys-groceries.co.uk/gol/7375086/image.jpg", "images": [], "video": []}, "description": [], "important_information": ["The above details have been prepared to help you select suitable products. Products and their ingredients are liable to change.", "<strong>You should always read the label before consuming or using the product and never rely solely on the information presented here.", "If you require specific advice on any Sainsbury's branded product, please contact our Customer Careline on 0800 636262. For all other products, please contact the manufacturer, whose details will appear on the packaging or label. Sainsbury's is therefore unable to accept liability for any incorrect information.", "You should also note that the picture / images show only our serving suggestions of how to serve or prepare your food \u2013 all accessories and additional items and/or ingredients pictured with the product you are purchasing are not included.", "This information is supplied for your personal use only. It may not be reproduced in any way without the prior consent of Sainsbury's Supermarkets Ltd and due acknowledgement"], "attachments": [], "categories": [{"id": "428900", "name": "Cheddar & British regional cheese"}, {"id": "428991", "name": "Top rated"}, {"id": "474592", "name": "Dairy & chilled essentials"}, {"id": "595853", "name": "Cathedral City, Davidstow, Clover & Country Life"}], "attributes": {"brand": ["Cathedral City"]}, "is_supply_chain_orderable": false, "display_icons": ["Chilled"], "pdp_deep_link": "/shop/ProductDisplay?storeId=10151&langId=44&productId=120248"}, {"product_uid": "2021621", "favourite_uid": null, "eans": ["0000050168101"], "product_type": "BASIC", "name": "Jacob's Baked Cheddars Cheese Crackers 150g", "image": "https://www.sainsburys.co.uk/wcsstore/ExtendedSitesCatalogAssetStore/images/catalog/productImages/01/0000050168101/0000050168101_L.jpeg", "image_zoom": null, "image_thumbnail": "https://www.sainsburys.co.uk/wcsstore/ExtendedSitesCatalogAssetStore/images/catalog/productImages/01/0000050168101/0000050168101_M.jpeg", "image_thumbnail_small": "https://www.sainsburys.co.uk/wcsstore/ExtendedSitesCatalogAssetStore/images/catalog/productImages/01/0000050168101/0000050168101_S.jpeg", "full_url": "https://www.sainsburys.co.uk/shop/gb/groceries/product/details/mcvities-cheddars-cheese-biscuits-150g", "unit_price": {"price": 1, "measure": "g", "measure_amount": 100}, "retail_price": {"price": 1.5, "measure": "unit"}, "is_available": true, "promotions": [], "associations": [], "is_alcoholic": false, "is_spotlight": false, "is_intolerant": false, "is_mhra": false, "badges": [], "labels": [], "zone": null, "department": null, "reviews": {"is_enabled": true, "product_uid": "2021621", "total": 61, "average_rating": 4.6721}, "breadcrumbs": [], "assets": {"plp_image": "https://assets.sainsburys-groceries.co.uk/gol/2021621/image.jpg", "images": [], "video": []}, "description": [], "important_information": ["The above details have been prepared to help you select suitable products. Products and their ingredients are liable to change.", "<strong>You should always read the label before consuming or using the product and never rely solely on the information presented here.", "If you require specific advice on any Sainsbury's branded product, please contact our Customer Careline on 0800 636262. For all other products, please contact the manufacturer, whose details will appear on the packaging or label. Sainsbury's is therefore unable to accept liability for any incorrect information.", "You should also note that the picture / images show only our serving suggestions of how to serve or prepare your food \u2013 all accessories and additional items and/or ingredients pictured with the product you are purchasing are not included.", "This information is supplied for your personal use only. It may not be reproduced in any way without the prior consent of Sainsbury's Supermarkets Ltd and due acknowledgement"], "attachments": [], "categories": [{"id": "607881", "name": "Snacks & Nibbles"}, {"id": "210863", "name": "Crackers"}, {"id": "346881", "name": "Crisps, snacks & nuts"}, {"id": "355376", "name": "Stock up"}, {"id": "399411", "name": "Jacob's"}, {"id": "410380", "name": "Special offers"}, {"id": "431867", "name": "Watch the sport"}, {"id": "432368", "name": "Special offers"}, {"id": "432369", "name": "New"}, {"id": "450352", "name": "Christmas is coming"}, {"id": "450357", "name": "All Christmas"}, {"id": "448868", "name": "New"}, {"id": "474591", "name": "Food cupboard essentials"}, {"id": "495866", "name": "Jacob's"}, {"id": "530852", "name": "Jacob's & Carr's"}, {"id": "577864", "name": "Nectar Prices"}, {"id": "577863", "name": "Special offers"}, {"id": "594066", "name": "Crisps, snacks & nuts"}], "attributes": {"brand": ["Jacob's"]}, "is_supply_chain_orderable": false, "display_icons": [], "pdp_deep_link": "/shop/ProductDisplay?storeId=10151&langId=44&productId=80578"}, {"product_uid": "7373318", "favourite_uid": null, "eans": ["5000295141599"], "product_type": "BASIC", "name": "Cathedral City Extra Mature Cheddar Cheese 350g", "image": "https://www.sainsburys.co.uk/wcsstore/ExtendedSitesCatalogAssetStore/images/catalog/productImages/99/5000295141599/5000295141599_L.jpeg", "image_zoom": null, "image_thumbnail": "https://www.sainsburys.co.uk/wcsstore/ExtendedSitesCatalogAssetStore/images/catalog/productImages/99/5000295141599/5000295141599_M.jpeg", "image_thumbnail_small": "https://www.sainsburys.co.uk/wcsstore/ExtendedSitesCatalogAssetStore/images/catalog/productImages/99/5000295141599/5000295141599_S.jpeg", "full_url": "https://www.sainsburys.co.uk/shop/gb/groceries/product/details/cathedral-city-extra-mature-cheddar-350g", "unit_price": {"price": 10.71, "measure": "kg", "measure_amount": 1}, "retail_price": {"price": 3.75, "measure": "unit"}, "is_available": true, "promotions": [], "associations": [], "is_alcoholic": false, "is_spotlight": false, "is_intolerant": false, "is_mhra": false, "badges": [], "labels": [{"label_uid": "Chilled", "text": "Chilled", "alt_text": "Chilled", "color": "#005096", "link_opens_in_new_window": false}], "zone": null, "department": null, "reviews": {"is_enabled": true, "product_uid": "7373318", "total": 37, "average_rating": 4.3514}, "breadcrumbs": [], "assets": {"plp_image": "https://assets.sainsburys-groceries.co.uk/gol/7373318/image.jpg", "images": [], "video": []}, "description": [], "important_information": ["The above details have been prepared to help you select suitable products. Products and their ingredients are liable to change.", "<strong>You should always read the label before consuming or using the product and never rely solely on the information presented here.", "If you require specific advice on any Sainsbury's branded product, please contact our Customer Careline on 0800 636262. For all other products, please contact the manufacturer, whose details will appear on the packaging or label. Sainsbury's is therefore unable to accept liability for any incorrect information.", "You should also note that the picture / images show only our serving suggestions of how to serve or prepare your food \u2013 all accessories and additional items and/or ingredients pictured with the product you are purchasing are not included.", "This information is supplied for your personal use only. It may not be reproduced in any way without the prior consent of Sainsbury's Supermarkets Ltd and due acknowledgement"], "attachments": [], "categories": [{"id": "428900", "name": "Cheddar & British regional cheese"}, {"id": "474592", "name": "Dairy & chilled essentials"}, {"id": "595853", "name": "Cathedral City, Davidstow, Clover & Country Life"}, {"id": "561852", "name": "Build a Cheeseboard"}], "attributes": {"brand": ["Cathedral City"]}, "is_supply_chain_orderable": false, "display_icons": ["Chilled"], "pdp_deep_link": "/shop/ProductDisplay?storeId=10151&langId=44&productId=120238"}, {"product_uid": "1408737", "favourite_uid": null, "eans": ["0000001408737"], "product_type": "BASIC", "name": "Sainsbury's British Mature Grated Cheddar Cheese 500g", "image": "https://www.sainsburys.co.uk/wcsstore/ExtendedSitesCatalogAssetStore/images/catalog/productImages/37/0000001408737/0000001408737_L.jpeg", "image_zoom": null, "image_thumbnail": "https://www.sainsburys.co.uk/wcsstore/ExtendedSitesCatalogAssetStore/images/catalog/productImages/37/0000001408737/0000001408737_M.jpeg", "image_thumbnail_small": "https://www.sainsburys.co.uk/wcsstore/ExtendedSitesCatalogAssetStore/images/catalog/productImages/37/0000001408737/0000001408737_S.jpeg", "full_url": "https://www.sainsburys.co.uk/shop/gb/groceries/product/details/sainsburys-british-mature-grated-cheddar-500g", "unit_price": {"price": 9.2, "measure": "kg", "measure_amount": 1}, "retail_price": {"price": 4.6, "measure": "unit"}, "is_available": true, "promotions": [], "associations": [], "is_alcoholic": false, "is_spotlight": false, "is_intolerant": false, "is_mhra": false, "badges": [], "labels": [{"label_uid": "Chilled", "text": "Chilled", "alt_text": "Chilled", "color": "#005096", "link_opens_in_new_window": false}, {"label_uid": "British", "text": "BRITISH", "alt_text": "BRITISH", "color": "#4c4c4c", "link_opens_in_new_window": false}], "zone": null, "department": null, "reviews": {"is_enabled": true, "product_uid": "1408737", "total": 301, "average_rating": 4.6578}, "breadcrumbs": [], "assets": {"plp_image": "https://assets.sainsburys-groceries.co.uk/gol/1408737/image.jpg", "images": [], "video": []}, "description": [], "important_information": ["The above details have been prepared to help you select suitable products. Products and their ingredients are liable to change.", "<strong>You should always read the label before consuming or using the product and never rely solely on the information presented here.", "If you require specific advice on any Sainsbury's branded product, please contact our Customer Careline on 0800 636262. For all other products, please contact the manufacturer, whose details will appear on the packaging or label. Sainsbury's is therefore unable to accept liability for any incorrect information.", "You should also note that the picture / images show only our serving suggestions of how to serve or prepare your food \u2013 all accessories and additional items and/or ingredients pictured with the product you are purchasing are not included.", "This information is supplied for your personal use only. It may not be reproduced in any way without the prior consent of Sainsbury's Supermarkets Ltd and due acknowledgement"], "attachments": [], "categories": [{"id": "641353", "name": "Best of British"}, {"id": "604354", "name": "Best of British"}, {"id": "428900", "name": "Cheddar & British regional cheese"}, {"id": "428901", "name": "Sliced & grated cheese"}, {"id": "463861", "name": "Price Lock"}, {"id": "474592", "name": "Dairy & chilled essentials"}], "attributes": {"brand": ["Sainsbury's"]}, "is_supply_chain_orderable": false, "display_icons": ["Chilled", "British"], "pdp_deep_link": "/shop/ProductDisplay?storeId=10151&langId=44&productId=109782"}, {"product_uid": "7522436", "favourite_uid": null, "eans": ["0000000482035", "0000001810325"], "product_type": "BASIC", "name": "Sainsbury's Cottage Cheese 300g", "image": "https://www.sainsburys.co.uk/wcsstore/ExtendedSitesCatalogAssetStore/images/catalog/productImages/25/0000001810325/0000001810325_L.jpeg", "image_zoom": null, "image_thumbnail": "https://www.sainsburys.co.uk/wcsstore/ExtendedSitesCatalogAssetStore/images/catalog/productImages/25/0000001810325/0000001810325_M.jpeg", "image_thumbnail_small": "https://www.sainsburys.co.uk/wcsstore/ExtendedSitesCatalogAssetStore/images/catalog/productImages/25/0000001810325/0000001810325_S.jpeg", "full_url": "https://www.sainsburys.co.uk/shop/gb/groceries/product/details/sainsburys-cottage-cheese-300g", "unit_price": {"price": 5.33, "measure": "kg", "measure_amount": 1}, "retail_price": {"price": 1.6, "measure": "unit"}, "is_available": true, "promotions": [], "associations": [], "is_alcoholic": false, "is_spotlight": false, "is_intolerant": false, "is_mhra": false, "badges": [], "labels": [{"label_uid": "Chilled", "text": "Chilled", "alt_text": "Chilled", "color": "#005096", "link_opens_in_new_window": false}], "zone": null, "department": null, "reviews": {"is_enabled": true, "product_uid": "7522436", "total": 279, "average_rating": 4.3692}, "breadcrumbs": [], "assets": {"plp_image": "https://assets.sainsburys-groceries.co.uk/gol/7522436/image.jpg", "images": [], "video": []}, "description": [], "important_information": ["The above details have been prepared to help you select suitable products. Products and their ingredients are liable to change.", "<strong>You should always read the label before consuming or using the product and never rely solely on the information presented here.", "If you require specific advice on any Sainsbury's branded product, please contact our Customer Careline on 0800 636262. For all other products, please contact the manufacturer, whose details will appear on the packaging or label. Sainsbury's is therefore unable to accept liability for any incorrect information.", "You should also note that the picture / images show only our serving suggestions of how to serve or prepare your food \u2013 all accessories and additional items and/or ingredients pictured with the product you are purchasing are not included.", "This information is supplied for your personal use only. It may not be reproduced in any way without the prior consent of Sainsbury's Supermarkets Ltd and due acknowledgement"], "attachments": [], "categories": [{"id": "394355", "name": "Build a salad"}, {"id": "428902", "name": "Soft & cottage cheese"}], "attributes": {"brand": ["Sainsbury's"]}, "is_supply_chain_orderable": false, "display_icons": ["Chilled"], "pdp_deep_link": "/shop/ProductDisplay?storeId=10151&langId=44&productId=122496"}, {"product_uid": "7241570", "favourite_uid": null, "eans": ["0000001714753"], "product_type": "BASIC", "name": "Sainsbury's Lighter Mature Cheese 400g", "image": "https://www.sainsburys.co.uk/wcsstore/ExtendedSitesCatalogAssetStore/images/catalog/productImages/53/0000001714753/0000001714753_L.jpeg", "image_zoom": null, "image_thumbnail": "https://www.sainsburys.co.uk/wcsstore/ExtendedSitesCatalogAssetStore/images/catalog/productImages/53/0000001714753/0000001714753_M.jpeg", "image_thumbnail_small": "https://www.sainsburys.co.uk/wcsstore/ExtendedSitesCatalogAssetStore/images/catalog/productImages/53/0000001714753/0000001714753_S.jpeg", "full_url": "https://www.sainsburys.co.uk/shop/gb/groceries/product/details/sainsburys-lighter-mature-cheddar-400g", "unit_price": {"price": 8.38, "measure": "kg", "measure_amount": 1}, "retail_price": {"price": 3.35, "measure": "unit"}, "is_available": true, "promotions": [], "associations": [], "is_alcoholic": false, "is_spotlight": false, "is_intolerant": false, "is_mhra": false, "badges": [], "labels": [{"label_uid": "Chilled", "text": "Chilled", "alt_text": "Chilled", "color": "#005096", "link_opens_in_new_window": false}, {"label_uid": "British", "text": "BRITISH", "alt_text": "BRITISH", "color": "#4c4c4c", "link_opens_in_new_window": false}], "zone": null, "department": null, "reviews": {"is_enabled": true, "product_uid": "7241570", "total": 71, "average_rating": 4.507}, "breadcrumbs": [], "assets": {"plp_image": "https://assets.sainsburys-groceries.co.uk/gol/7241570/image.jpg", "images": [], "video": []}, "description": [], "important_information": ["The above details have been prepared to help you select suitable products. Products and their ingredients are liable to change.", "<strong>You should always read the label before consuming or using the product and never rely solely on the information presented here.", "If you require specific advice on any Sainsbury's branded product, please contact our Customer Careline on 0800 636262. For all other products, please contact the manufacturer, whose details will appear on the packaging or label. Sainsbury's is therefore unable to accept liability for any incorrect information.", "You should also note that the picture / images show only our serving suggestions of how to serve or prepare your food \u2013 all accessories and additional items and/or ingredients pictured with the product you are purchasing are not included.", "This information is supplied for your personal use only. It may not be reproduced in any way without the prior consent of Sainsbury's Supermarkets Ltd and due acknowledgement"], "attachments": [], "categories": [{"id": "641353", "name": "Best of British"}, {"id": "604354", "name": "Best of British"}, {"id": "428900", "name": "Cheddar & British regional cheese"}, {"id": "463861", "name": "Price Lock"}, {"id": "474592", "name": "Dairy & chilled essentials"}], "attributes": {"brand": ["Sainsbury's"]}, "is_supply_chain_orderable": false, "display_icons": ["Chilled", "British"], "pdp_deep_link": "/shop/ProductDisplay?storeId=10151&langId=44&productId=118972"}, {"product_uid": "6536916", "favourite_uid": null, "eans": ["5000328868394"], "product_type": "BASIC", "name": "Walkers Quavers Cheese Multipack Crisps Snacks 12x16g", "image": "https://www.sainsburys.co.uk/wcsstore/ExtendedSitesCatalogAssetStore/images/catalog/productImages/94/5000328868394/5000328868394_L.jpeg", "image_zoom": null, "image_thumbnail": "https://www.sainsburys.co.uk/wcsstore/ExtendedSitesCatalogAssetStore/images/catalog/productImages/94/5000328868394/5000328868394_M.jpeg", "image_thumbnail_small": "https://www.sainsburys.co.uk/wcsstore/ExtendedSitesCatalogAssetStore/images/catalog/productImages/94/5000328868394/5000328868394_S.jpeg", "full_url": "https://www.sainsburys.co.uk/shop/gb/groceries/product/details/quavers-cheese-x12-16g", "unit_price": {"price": 1.66, "measure": "g", "measure_amount": 100}, "retail_price": {"price": 3.19, "measure": "unit"}, "is_available": true, "promotions": [], "sponsored_locations": ["Homepage", "Great offer"], "associations": [], "is_alcoholic": false, "is_spotlight": false, "is_intolerant": false, "is_mhra": false, "badges": [], "labels": [{"label_uid": "LOW EVERYDAY PRICE", "text": "LOW EVERYDAY PRICE", "alt_text": "LOW EVERYDAY PRICE", "color": "#D70000", "link_opens_in_new_window": false}], "zone": null, "department": null, "reviews": {"is_enabled": true, "product_uid": "6536916", "total": 61, "average_rating": 4.7049}, "breadcrumbs": [], "assets": {"plp_image": "https://assets.sainsburys-groceries.co.uk/gol/6536916/image.jpg", "images": [], "video": []}, "description": [], "important_information": ["The above details have been prepared to help you select suitable products. Products and their ingredients are liable to change.", "<strong>You should always read the label before consuming or using the product and never rely solely on the information presented here.", "If you require specific advice on any Sainsbury's branded product, please contact our Customer Careline on 0800 636262. For all other products, please contact the manufacturer, whose details will appear on the packaging or label. Sainsbury's is therefore unable to accept liability for any incorrect information.", "You should also note that the picture / images show only our serving suggestions of how to serve or prepare your food \u2013 all accessories and additional items and/or ingredients pictured with the product you are purchasing are not included.", "This information is supplied for your personal use only. It may not be reproduced in any way without the prior consent of Sainsbury's Supermarkets Ltd and due acknowledgement"], "attachments": [], "categories": [{"id": "626354", "name": "Tango 7Up Walkers Doritos Halloween"}, {"id": "605852", "name": "Win Prizes with Walkers"}, {"id": "288315", "name": "All"}, {"id": "394353", "name": "Entertain the kids"}, {"id": "417429", "name": "Red Nose Day"}, {"id": "417418", "name": "Walkers Crisps & Snacks"}, {"id": "463853", "name": "200 calories or less snacking"}, {"id": "488870", "name": "All Price Lock"}, {"id": "488863", "name": "Food Cupboard & Bakery"}, {"id": "495868", "name": "Walkers"}, {"id": "524852", "name": "Add some crunch to your lunch with Walkers"}, {"id": "510368", "name": "Work from home lunches"}, {"id": "603852", "name": "January refresh"}, {"id": "570358", "name": "New Year New You"}, {"id": "560854", "name": "Win \u00a3100 every month"}], "attributes": {"brand": ["Quavers", "Walkers"]}, "is_supply_chain_orderable": false, "display_icons": ["LOW EVERYDAY PRICE"], "pdp_deep_link": "/shop/ProductDisplay?storeId=10151&langId=44&productId=90772"}, {"product_uid": "6310792", "favourite_uid": null, "eans": ["8000430135268", "8000430135060"], "product_type": "BASIC", "name": "Galbani Mozzarella Cheese Maxi Bag 250g", "image": "https://www.sainsburys.co.uk/wcsstore/ExtendedSitesCatalogAssetStore/images/catalog/productImages/68/8000430135268/8000430135268_L.jpeg", "image_zoom": null, "image_thumbnail": "https://www.sainsburys.co.uk/wcsstore/ExtendedSitesCatalogAssetStore/images/catalog/productImages/68/8000430135268/8000430135268_M.jpeg", "image_thumbnail_small": "https://www.sainsburys.co.uk/wcsstore/ExtendedSitesCatalogAssetStore/images/catalog/productImages/68/8000430135268/8000430135268_S.jpeg", "full_url": "https://www.sainsburys.co.uk/shop/gb/groceries/product/details/galbani-mozzarella-maxi-bag-250g", "unit_price": {"price": 11.8, "measure": "kg", "measure_amount": 1}, "retail_price": {"price": 2.95, "measure": "unit"}, "is_available": true, "promotions": [], "associations": [], "is_alcoholic": false, "is_spotlight": false, "is_intolerant": false, "is_mhra": false, "badges": [], "labels": [{"label_uid": "Chilled", "text": "Chilled", "alt_text": "Chilled", "color": "#005096", "link_opens_in_new_window": false}], "zone": null, "department": null, "reviews": {"is_enabled": true, "product_uid": "6310792", "total": 86, "average_rating": 4.407}, "breadcrumbs": [], "assets": {"plp_image": "https://assets.sainsburys-groceries.co.uk/gol/6310792/image.jpg", "images": [], "video": []}, "description": [], "important_information": ["The above details have been prepared to help you select suitable products. Products and their ingredients are liable to change.", "<strong>You should always read the label before consuming or using the product and never rely solely on the information presented here.", "If you require specific advice on any Sainsbury's branded product, please contact our Customer Careline on 0800 636262. For all other products, please contact the manufacturer, whose details will appear on the packaging or label. Sainsbury's is therefore unable to accept liability for any incorrect information.", "You should also note that the picture / images show only our serving suggestions of how to serve or prepare your food \u2013 all accessories and additional items and/or ingredients pictured with the product you are purchasing are not included.", "This information is supplied for your personal use only. It may not be reproduced in any way without the prior consent of Sainsbury's Supermarkets Ltd and due acknowledgement"], "attachments": [], "categories": [{"id": "607890", "name": "Sides"}, {"id": "651360", "name": "Mediterranean food"}, {"id": "641355", "name": "The Salad Hub"}, {"id": "428905", "name": "Speciality & continental cheese"}], "attributes": {"brand": ["Galbani"]}, "is_supply_chain_orderable": false, "display_icons": ["Chilled"], "pdp_deep_link": "/shop/ProductDisplay?storeId=10151&langId=44&productId=20860"}, {"product_uid": "7753837", "favourite_uid": null, "eans": ["0000000482189", "0000000208000"], "product_type": "BASIC", "name": "Sainsbury's Cottage Cheese, Fat Free 300g", "image": "https://www.sainsburys.co.uk/wcsstore/ExtendedSitesCatalogAssetStore/images/catalog/productImages/00/0000000208000/0000000208000_L.jpeg", "image_zoom": null, "image_thumbnail": "https://www.sainsburys.co.uk/wcsstore/ExtendedSitesCatalogAssetStore/images/catalog/productImages/00/0000000208000/0000000208000_M.jpeg", "image_thumbnail_small": "https://www.sainsburys.co.uk/wcsstore/ExtendedSitesCatalogAssetStore/images/catalog/productImages/00/0000000208000/0000000208000_S.jpeg", "full_url": "https://www.sainsburys.co.uk/shop/gb/groceries/product/details/sainsburys-fat-free-natural-cottage-cheese-300g", "unit_price": {"price": 5.33, "measure": "kg", "measure_amount": 1}, "retail_price": {"price": 1.6, "measure": "unit"}, "is_available": true, "promotions": [], "associations": [], "is_alcoholic": false, "is_spotlight": false, "is_intolerant": false, "is_mhra": false, "badges": [], "labels": [{"label_uid": "Chilled", "text": "Chilled", "alt_text": "Chilled", "color": "#005096", "link_opens_in_new_window": false}], "zone": null, "department": null, "reviews": {"is_enabled": true, "product_uid": "7753837", "total": 281, "average_rating": 4.6406}, "breadcrumbs": [], "assets": {"plp_image": "https://assets.sainsburys-groceries.co.uk/gol/7753837/image.jpg", "images": [], "video": []}, "description": [], "important_information": ["The above details have been prepared to help you select suitable products. Products and their ingredients are liable to change.", "<strong>You should always read the label before consuming or using the product and never rely solely on the information presented here.", "If you require specific advice on any Sainsbury's branded product, please contact our Customer Careline on 0800 636262. For all other products, please contact the manufacturer, whose details will appear on the packaging or label. Sainsbury's is therefore unable to accept liability for any incorrect information.", "You should also note that the picture / images show only our serving suggestions of how to serve or prepare your food \u2013 all accessories and additional items and/or ingredients pictured with the product you are purchasing are not included.", "This information is supplied for your personal use only. It may not be reproduced in any way without the prior consent of Sainsbury's Supermarkets Ltd and due acknowledgement"], "attachments": [], "categories": [{"id": "428902", "name": "Soft & cottage cheese"}], "attributes": {"brand": ["Sainsbury's"]}, "is_supply_chain_orderable": false, "display_icons": ["Chilled"], "pdp_deep_link": "/shop/ProductDisplay?storeId=10151&langId=44&productId=892008"}, {"product_uid": "7662938", "favourite_uid": null, "eans": ["5000295145054"], "product_type": "BASIC", "name": "Cathedral City Mature Cheddar Cheese 550g", "image": "https://www.sainsburys.co.uk/wcsstore/ExtendedSitesCatalogAssetStore/images/catalog/productImages/54/5000295145054/5000295145054_L.jpeg", "image_zoom": null, "image_thumbnail": "https://www.sainsburys.co.uk/wcsstore/ExtendedSitesCatalogAssetStore/images/catalog/productImages/54/5000295145054/5000295145054_M.jpeg", "image_thumbnail_small": "https://www.sainsburys.co.uk/wcsstore/ExtendedSitesCatalogAssetStore/images/catalog/productImages/54/5000295145054/5000295145054_S.jpeg", "full_url": "https://www.sainsburys.co.uk/shop/gb/groceries/product/details/cathedral-city-mature-cheddar-550g", "unit_price": {"price": 9.82, "measure": "kg", "measure_amount": 1}, "retail_price": {"price": 4, "measure": "unit"}, "nectar_price": {"retail_price": 4, "unit_price": 7.27, "measure": "unit", "url": "https://www.sainsburys.co.uk/shop/gb/groceries/new---trending/nectar-prices", "category_seo_url": "gb/groceries/new---trending/nectar-prices"}, "is_available": true, "promotions": [{"promotion_uid": "10715856", "icon": "https://www.sainsburys.co.uk/wcsstore/Sainsburys/Promotion assets/Promotion icons/Buy_X_For_Y_Amt_S_Icon.gif", "link": "/gol-ui/promo-lister/10715856", "strap_line": "Save 25% with Nectar", "start_date": "2025-12-10T00:00:00Z", "end_date": "2025-12-31T00:00:00Z", "original_price": 5.4, "promo_mechanic_id": "99", "is_nectar": true, "promo_type": "SIMPLE_FIXED_PRICE", "promo_group": "simple", "is_valid_strapline": true, "discount_percentage": 25, "discount_filters": "discount_percentage=25"}], "associations": [], "is_alcoholic": false, "is_spotlight": false, "is_intolerant": false, "is_mhra": false, "badges": [], "labels": [{"label_uid": "Chilled", "text": "Chilled", "alt_text": "Chilled", "color": "#005096", "link_opens_in_new_window": false}], "zone": null, "department": null, "reviews": {"is_enabled": true, "product_uid": "7662938", "total": 68, "average_rating": 4.2647}, "breadcrumbs": [], "assets": {"plp_image": "https://assets.sainsburys-groceries.co.uk/gol/7662938/image.jpg", "images": [], "video": []}, "description": [], "important_information": ["The above details have been prepared to help you select suitable products. Products and their ingredients are liable to change.", "<strong>You should always read the label before consuming or using the product and never rely solely on the information presented here.", "If you require specific advice on any Sainsbury's branded product, please contact our Customer Careline on 0800 636262. For all other products, please contact the manufacturer, whose details will appear on the packaging or label. Sainsbury's is therefore unable to accept liability for any incorrect information.", "You should also note that the picture / images show only our serving suggestions of how to serve or prepare your food \u2013 all accessories and additional items and/or ingredients pictured with the product you are purchasing are not included.", "This information is supplied for your personal use only. It may not be reproduced in any way without the prior consent of Sainsbury's Supermarkets Ltd and due acknowledgement"], "attachments": [], "categories": [{"id": "428374", "name": "Special offers"}, {"id": "428909", "name": "Snacking & lunchbox cheese"}, {"id": "428900", "name": "Cheddar & British regional cheese"}, {"id": "428376", "name": "Special offers"}, {"id": "474592", "name": "Dairy & chilled essentials"}, {"id": "480353", "name": "Bigger packs"}, {"id": "595853", "name": "Cathedral City, Davidstow, Clover & Country Life"}, {"id": "561852", "name": "Build a Cheeseboard"}], "header": {"text": "Nectar price", "type": "NECTAR"}, "attributes": {"brand": ["Cathedral City"]}, "is_supply_chain_orderable": false, "display_icons": ["Chilled"], "pdp_deep_link": "/shop/ProductDisplay?storeId=10151&langId=44&productId=1085890"}, {"product_uid": "7896616", "favourite_uid": null, "eans": ["0000000311120"], "product_type": "BASIC", "name": "Sainsbury's Thin & Crispy Cheese & Tomato Pizza 306g", "image": "https://www.sainsburys.co.uk/wcsstore/ExtendedSitesCatalogAssetStore/images/catalog/productImages/20/0000000311120/0000000311120_L.jpeg", "image_zoom": null, "image_thumbnail": "https://www.sainsburys.co.uk/wcsstore/ExtendedSitesCatalogAssetStore/images/catalog/productImages/20/0000000311120/0000000311120_M.jpeg", "image_thumbnail_small": "https://www.sainsburys.co.uk/wcsstore/ExtendedSitesCatalogAssetStore/images/catalog/productImages/20/0000000311120/0000000311120_S.jpeg", "full_url": "https://www.sainsburys.co.uk/shop/gb/groceries/product/details/sainsburys-thin-crispy-cheese-tomato-pizza-327g", "unit_price": {"price": 3.5, "measure": "kg", "measure_amount": 1}, "retail_price": {"price": 1.07, "measure": "unit"}, "is_available": true, "promotions": [], "associations": [], "is_alcoholic": false, "is_spotlight": false, "is_intolerant": false, "is_mhra": false, "badges": [], "labels": [{"label_uid": "Frozen", "text": "Frozen", "alt_text": "Frozen", "color": "#005096", "link_opens_in_new_window": false}, {"label_uid": "Aldi Price Match", "text": "ALDI PRICE MATCH*", "alt_text": "ALDI PRICE MATCH*", "color": "#D70000", "link": "https://www.sainsburys.co.uk/gol-ui/events/aldi-price-match", "link_opens_in_new_window": false}], "zone": null, "department": null, "reviews": {"is_enabled": true, "product_uid": "7896616", "total": 41, "average_rating": 3.8537}, "breadcrumbs": [], "assets": {"plp_image": "https://assets.sainsburys-groceries.co.uk/gol/7896616/image.jpg", "images": [], "video": []}, "description": [], "important_information": ["The above details have been prepared to help you select suitable products. Products and their ingredients are liable to change.", "<strong>You should always read the label before consuming or using the product and never rely solely on the information presented here.", "If you require specific advice on any Sainsbury's branded product, please contact our Customer Careline on 0800 636262. For all other products, please contact the manufacturer, whose details will appear on the packaging or label. Sainsbury's is therefore unable to accept liability for any incorrect information.", "You should also note that the picture / images show only our serving suggestions of how to serve or prepare your food \u2013 all accessories and additional items and/or ingredients pictured with the product you are purchasing are not included.", "This information is supplied for your personal use only. It may not be reproduced in any way without the prior consent of Sainsbury's Supermarkets Ltd and due acknowledgement"], "attachments": [], "categories": [{"id": "610858", "name": "Fake-Away"}, {"id": "607854", "name": "Aldi Price Match"}, {"id": "218871", "name": "Thin crust"}, {"id": "269799", "name": "All pizza & garlic bread"}, {"id": "385374", "name": "Quick tea time"}, {"id": "417428", "name": "Six Nations with Guinness"}, {"id": "431867", "name": "Watch the sport"}, {"id": "465367", "name": "Frozen takeaway"}, {"id": "502859", "name": "Aldi Price Match"}, {"id": "511357", "name": "Summer of sport"}], "attributes": {"brand": ["Sainsbury's"]}, "is_supply_chain_orderable": false, "display_icons": ["Aldi Price Match", "Frozen"], "pdp_deep_link": "/shop/ProductDisplay?storeId=10151&langId=44&productId=1185938"}, {"product_uid": "3034071", "favourite_uid": null, "eans": ["3175460000017"], "product_type": "BASIC", "name": "Boursin Garlic & Herb Soft French Cream Cheese 150g", "image": "https://www.sainsburys.co.uk/wcsstore/ExtendedSitesCatalogAssetStore/images/catalog/productImages/17/3175460000017/3175460000017_L.jpeg", "image_zoom": null, "image_thumbnail": "https://www.sainsburys.co.uk/wcsstore/ExtendedSitesCatalogAssetStore/images/catalog/productImages/17/3175460000017/3175460000017_M.jpeg", "image_thumbnail_small": "https://www.sainsburys.co.uk/wcsstore/ExtendedSitesCatalogAssetStore/images/catalog/productImages/17/3175460000017/3175460000017_S.jpeg", "full_url": "https://www.sainsburys.co.uk/shop/gb/groceries/product/details/boursin-garlic---herb-150g", "unit_price": {"price": 19.67, "measure": "kg", "measure_amount": 1}, "retail_price": {"price": 2.95, "measure": "unit"}, "is_available": true, "promotions": [], "associations": [], "is_alcoholic": false, "is_spotlight": false, "is_intolerant": false, "is_mhra": false, "badges": [], "labels": [{"label_uid": "Chilled", "text": "Chilled", "alt_text": "Chilled", "color": "#005096", "link_opens_in_new_window": false}], "zone": null, "department": null, "reviews": {"is_enabled": true, "product_uid": "3034071", "total": 24, "average_rating": 4.8333}, "breadcrumbs": [], "assets": {"plp_image": "https://assets.sainsburys-groceries.co.uk/gol/3034071/image.jpg", "images": [], "video": []}, "description": [], "important_information": ["The above details have been prepared to help you select suitable products. Products and their ingredients are liable to change.", "<strong>You should always read the label before consuming or using the product and never rely solely on the information presented here.", "If you require specific advice on any Sainsbury's branded product, please contact our Customer Careline on 0800 636262. For all other products, please contact the manufacturer, whose details will appear on the packaging or label. Sainsbury's is therefore unable to accept liability for any incorrect information.", "You should also note that the picture / images show only our serving suggestions of how to serve or prepare your food \u2013 all accessories and additional items and/or ingredients pictured with the product you are purchasing are not included.", "This information is supplied for your personal use only. It may not be reproduced in any way without the prior consent of Sainsbury's Supermarkets Ltd and due acknowledgement"], "attachments": [], "categories": [{"id": "651360", "name": "Mediterranean food"}, {"id": "428905", "name": "Speciality & continental cheese"}, {"id": "428902", "name": "Soft & cottage cheese"}, {"id": "460386", "name": "Perfect for cheeseboards"}, {"id": "561852", "name": "Build a Cheeseboard"}], "attributes": {"brand": ["Boursin"]}, "is_supply_chain_orderable": false, "display_icons": ["Chilled"], "pdp_deep_link": "/shop/ProductDisplay?storeId=10151&langId=44&productId=111252"}, {"product_uid": "6338182", "favourite_uid": null, "eans": ["0000001222685"], "product_type": "BASIC", "name": "Sainsbury's Gouda Cheese Slices 250g", "image": "https://www.sainsburys.co.uk/wcsstore/ExtendedSitesCatalogAssetStore/images/catalog/productImages/85/0000001222685/0000001222685_L.jpeg", "image_zoom": null, "image_thumbnail": "https://www.sainsburys.co.uk/wcsstore/ExtendedSitesCatalogAssetStore/images/catalog/productImages/85/0000001222685/0000001222685_M.jpeg", "image_thumbnail_small": "https://www.sainsburys.co.uk/wcsstore/ExtendedSitesCatalogAssetStore/images/catalog/productImages/85/0000001222685/0000001222685_S.jpeg", "full_url": "https://www.sainsburys.co.uk/shop/gb/groceries/product/details/sainsburys-gouda-slices-250g", "unit_price": {"price": 11.6, "measure": "kg", "measure_amount": 1}, "retail_price": {"price": 2.9, "measure": "unit"}, "is_available": true, "promotions": [], "associations": [], "is_alcoholic": false, "is_spotlight": false, "is_intolerant": false, "is_mhra": false, "badges": [], "labels": [], "zone": null, "department": null, "reviews": {"is_enabled": true, "product_uid": "6338182", "total": 87, "average_rating": 4.7586}, "breadcrumbs": [], "assets": {"plp_image": "https://assets.sainsburys-groceries.co.uk/gol/6338182/image.jpg", "images": [], "video": []}, "description": [], "important_information": ["The above details have been prepared to help you select suitable products. Products and their ingredients are liable to change.", "<strong>You should always read the label before consuming or using the product and never rely solely on the information presented here.", "If you require specific advice on any Sainsbury's branded product, please contact our Customer Careline on 0800 636262. For all other products, please contact the manufacturer, whose details will appear on the packaging or label. Sainsbury's is therefore unable to accept liability for any incorrect information.", "You should also note that the picture / images show only our serving suggestions of how to serve or prepare your food \u2013 all accessories and additional items and/or ingredients pictured with the product you are purchasing are not included.", "This information is supplied for your personal use only. It may not be reproduced in any way without the prior consent of Sainsbury's Supermarkets Ltd and due acknowledgement"], "attachments": [], "categories": [{"id": "428901", "name": "Sliced & grated cheese"}], "attributes": {"brand": ["Sainsbury's"]}, "is_supply_chain_orderable": false, "display_icons": [], "pdp_deep_link": "/shop/ProductDisplay?storeId=10151&langId=44&productId=114892"}, {"product_uid": "6596913", "favourite_uid": null, "eans": ["0000001504972"], "product_type": "BASIC", "name": "Sainsbury's White Soft Cheese 300g", "image": "https://www.sainsburys.co.uk/wcsstore/ExtendedSitesCatalogAssetStore/images/catalog/productImages/72/0000001504972/0000001504972_L.jpeg", "image_zoom": null, "image_thumbnail": "https://www.sainsburys.co.uk/wcsstore/ExtendedSitesCatalogAssetStore/images/catalog/productImages/72/0000001504972/0000001504972_M.jpeg", "image_thumbnail_small": "https://www.sainsburys.co.uk/wcsstore/ExtendedSitesCatalogAssetStore/images/catalog/productImages/72/0000001504972/0000001504972_S.jpeg", "full_url": "https://www.sainsburys.co.uk/shop/gb/groceries/product/details/sainsburys-soft-white-cheese-300g", "unit_price": {"price": 7.5, "measure": "kg", "measure_amount": 1}, "retail_price": {"price": 2.25, "measure": "unit"}, "is_available": true, "promotions": [], "associations": [], "is_alcoholic": false, "is_spotlight": false, "is_intolerant": false, "is_mhra": false, "badges": [], "labels": [{"label_uid": "Chilled", "text": "Chilled", "alt_text": "Chilled", "color": "#005096", "link_opens_in_new_window": false}], "zone": null, "department": null, "reviews": {"is_enabled": true, "product_uid": "6596913", "total": 115, "average_rating": 4.713}, "breadcrumbs": [], "assets": {"plp_image": "https://assets.sainsburys-groceries.co.uk/gol/6596913/image.jpg", "images": [], "video": []}, "description": [], "important_information": ["The above details have been prepared to help you select suitable products. Products and their ingredients are liable to change.", "<strong>You should always read the label before consuming or using the product and never rely solely on the information presented here.", "If you require specific advice on any Sainsbury's branded product, please contact our Customer Careline on 0800 636262. For all other products, please contact the manufacturer, whose details will appear on the packaging or label. Sainsbury's is therefore unable to accept liability for any incorrect information.", "You should also note that the picture / images show only our serving suggestions of how to serve or prepare your food \u2013 all accessories and additional items and/or ingredients pictured with the product you are purchasing are not included.", "This information is supplied for your personal use only. It may not be reproduced in any way without the prior consent of Sainsbury's Supermarkets Ltd and due acknowledgement"], "attachments": [], "categories": [{"id": "649376", "name": "Cream cheese"}, {"id": "428902", "name": "Soft & cottage cheese"}, {"id": "428991", "name": "Top rated"}], "attributes": {"brand": ["Sainsbury's"]}, "is_supply_chain_orderable": false, "display_icons": ["Vegetarian", "Chilled"], "pdp_deep_link": "/shop/ProductDisplay?storeId=10151&langId=44&productId=116168"}, {"product_uid": "7708694", "favourite_uid": null, "eans": ["7622210307514", "7622201693954"], "product_type": "BASIC", "name": "Philadelphia Light Low Fat Soft Cream Cheese 165g", "image": "https://www.sainsburys.co.uk/wcsstore/ExtendedSitesCatalogAssetStore/images/catalog/productImages/54/7622201693954/7622201693954_L.jpeg", "image_zoom": null, "image_thumbnail": "https://www.sainsburys.co.uk/wcsstore/ExtendedSitesCatalogAssetStore/images/catalog/productImages/54/7622201693954/7622201693954_M.jpeg", "image_thumbnail_small": "https://www.sainsburys.co.uk/wcsstore/ExtendedSitesCatalogAssetStore/images/catalog/productImages/54/7622201693954/7622201693954_S.jpeg", "full_url": "https://www.sainsburys.co.uk/shop/gb/groceries/product/details/philadelphia-light-180g", "unit_price": {"price": 13.64, "measure": "kg", "measure_amount": 1}, "retail_price": {"price": 1.35, "measure": "unit"}, "nectar_price": {"retail_price": 1.35, "unit_price": 8.18, "measure": "unit", "url": "https://www.sainsburys.co.uk/shop/gb/groceries/new---trending/nectar-prices", "category_seo_url": "gb/groceries/new---trending/nectar-prices"}, "is_available": true, "promotions": [{"promotion_uid": "10716457", "icon": "https://www.sainsburys.co.uk/wcsstore/Sainsburys/Promotion assets/Promotion icons/Buy_X_For_Y_Amt_S_Icon.gif", "link": "/gol-ui/promo-lister/10716457", "strap_line": "Buy 1 for 1.35", "start_date": "2025-12-10T00:00:00Z", "end_date": "2025-12-31T00:00:00Z", "original_price": 2.25, "promo_mechanic_id": "99", "is_nectar": true, "promo_type": "SIMPLE_FIXED_PRICE", "promo_group": "simple"}], "associations": [], "is_alcoholic": false, "is_spotlight": false, "is_intolerant": false, "is_mhra": false, "badges": [], "labels": [{"label_uid": "Chilled", "text": "Chilled", "alt_text": "Chilled", "color": "#005096", "link_opens_in_new_window": false}], "zone": null, "department": null, "reviews": {"is_enabled": true, "product_uid": "7708694", "total": 74, "average_rating": 4.7297}, "breadcrumbs": [], "assets": {"plp_image": "https://assets.sainsburys-groceries.co.uk/gol/7708694/image.jpg", "images": [], "video": []}, "description": [], "important_information": ["The above details have been prepared to help you select suitable products. Products and their ingredients are liable to change.", "<strong>You should always read the label before consuming or using the product and never rely solely on the information presented here.", "If you require specific advice on any Sainsbury's branded product, please contact our Customer Careline on 0800 636262. For all other products, please contact the manufacturer, whose details will appear on the packaging or label. Sainsbury's is therefore unable to accept liability for any incorrect information.", "You should also note that the picture / images show only our serving suggestions of how to serve or prepare your food \u2013 all accessories and additional items and/or ingredients pictured with the product you are purchasing are not included.", "This information is supplied for your personal use only. It may not be reproduced in any way without the prior consent of Sainsbury's Supermarkets Ltd and due acknowledgement"], "attachments": [], "categories": [{"id": "616361", "name": "Win a VIP Brunch"}, {"id": "649376", "name": "Cream cheese"}, {"id": "428374", "name": "Special offers"}, {"id": "428376", "name": "Special offers"}, {"id": "428902", "name": "Soft & cottage cheese"}, {"id": "514863", "name": "Philadelphia and Warburtons"}, {"id": "570363", "name": "Win with Philadelphia"}], "header": {"text": "Nectar price", "type": "NECTAR"}, "attributes": {"brand": ["Philadelphia"]}, "is_supply_chain_orderable": false, "display_icons": ["Chilled"], "pdp_deep_link": "/shop/ProductDisplay?storeId=10151&langId=44&productId=652434"}, {"product_uid": "7567025", "favourite_uid": null, "eans": ["5000187130946"], "product_type": "BASIC", "name": "Strings & Things Cheestrings Cheese Snack x8 160g", "image": "https://www.sainsburys.co.uk/wcsstore/ExtendedSitesCatalogAssetStore/images/catalog/productImages/46/5000187130946/5000187130946_L.jpeg", "image_zoom": null, "image_thumbnail": "https://www.sainsburys.co.uk/wcsstore/ExtendedSitesCatalogAssetStore/images/catalog/productImages/46/5000187130946/5000187130946_M.jpeg", "image_thumbnail_small": "https://www.sainsburys.co.uk/wcsstore/ExtendedSitesCatalogAssetStore/images/catalog/productImages/46/5000187130946/5000187130946_S.jpeg", "full_url": "https://www.sainsburys.co.uk/shop/gb/groceries/product/details/strings---things-cheestrings-twisted-x8-160g-7567025-p", "unit_price": {"price": 18.44, "measure": "kg", "measure_amount": 1}, "retail_price": {"price": 2.95, "measure": "unit"}, "is_available": true, "promotions": [], "sponsored_locations": ["Checkout Espot"], "associations": [], "is_alcoholic": false, "is_spotlight": false, "is_intolerant": false, "is_mhra": false, "badges": [], "labels": [{"label_uid": "Chilled", "text": "Chilled", "alt_text": "Chilled", "color": "#005096", "link_opens_in_new_window": false}], "zone": null, "department": null, "reviews": {"is_enabled": true, "product_uid": "7567025", "total": 93, "average_rating": 4.086}, "breadcrumbs": [], "assets": {"plp_image": "https://assets.sainsburys-groceries.co.uk/gol/7567025/image.jpg", "images": [], "video": []}, "description": [], "important_information": ["The above details have been prepared to help you select suitable products. Products and their ingredients are liable to change.", "<strong>You should always read the label before consuming or using the product and never rely solely on the information presented here.", "If you require specific advice on any Sainsbury's branded product, please contact our Customer Careline on 0800 636262. For all other products, please contact the manufacturer, whose details will appear on the packaging or label. Sainsbury's is therefore unable to accept liability for any incorrect information.", "You should also note that the picture / images show only our serving suggestions of how to serve or prepare your food \u2013 all accessories and additional items and/or ingredients pictured with the product you are purchasing are not included.", "This information is supplied for your personal use only. It may not be reproduced in any way without the prior consent of Sainsbury's Supermarkets Ltd and due acknowledgement"], "attachments": [], "categories": [{"id": "649357", "name": "Lunch and snacks"}, {"id": "428909", "name": "Snacking & lunchbox cheese"}, {"id": "428962", "name": "Fruit, snacks & treats"}, {"id": "502859", "name": "Aldi Price Match"}], "attributes": {"brand": ["Strings & Things"]}, "is_supply_chain_orderable": false, "display_icons": ["Chilled"], "pdp_deep_link": "/shop/ProductDisplay?storeId=10151&langId=44&productId=125598"}, {"product_uid": "7756946", "favourite_uid": null, "eans": ["0000000209700"], "product_type": "BASIC", "name": "Sainsbury's Stilton Blue Cheese 220g", "image": "https://www.sainsburys.co.uk/wcsstore/ExtendedSitesCatalogAssetStore/images/catalog/productImages/00/0000000209700/0000000209700_L.jpeg", "image_zoom": null, "image_thumbnail": "https://www.sainsburys.co.uk/wcsstore/ExtendedSitesCatalogAssetStore/images/catalog/productImages/00/0000000209700/0000000209700_M.jpeg", "image_thumbnail_small": "https://www.sainsburys.co.uk/wcsstore/ExtendedSitesCatalogAssetStore/images/catalog/productImages/00/0000000209700/0000000209700_S.jpeg", "full_url": "https://www.sainsburys.co.uk/shop/gb/groceries/product/details/sainsburys-blue-stilton-220g", "unit_price": {"price": 13.18, "measure": "kg", "measure_amount": 1}, "retail_price": {"price": 2.9, "measure": "unit"}, "is_available": true, "promotions": [], "associations": [], "is_alcoholic": false, "is_spotlight": false, "is_intolerant": false, "is_mhra": false, "badges": [], "labels": [{"label_uid": "British", "text": "BRITISH", "alt_text": "BRITISH", "color": "#4c4c4c", "link_opens_in_new_window": false}], "zone": null, "department": null, "reviews": {"is_enabled": true, "product_uid": "7756946", "total": 100, "average_rating": 4.14}, "breadcrumbs": [], "assets": {"plp_image": "https://assets.sainsburys-groceries.co.uk/gol/7756946/image.jpg", "images": [], "video": []}, "description": [], "important_information": ["The above details have been prepared to help you select suitable products. Products and their ingredients are liable to change.", "<strong>You should always read the label before consuming or using the product and never rely solely on the information presented here.", "If you require specific advice on any Sainsbury's branded product, please contact our Customer Careline on 0800 636262. For all other products, please contact the manufacturer, whose details will appear on the packaging or label. Sainsbury's is therefore unable to accept liability for any incorrect information.", "You should also note that the picture / images show only our serving suggestions of how to serve or prepare your food \u2013 all accessories and additional items and/or ingredients pictured with the product you are purchasing are not included.", "This information is supplied for your personal use only. It may not be reproduced in any way without the prior consent of Sainsbury's Supermarkets Ltd and due acknowledgement"], "attachments": [], "categories": [{"id": "641353", "name": "Best of British"}, {"id": "604354", "name": "Best of British"}, {"id": "649379", "name": "Stilton and blue cheese"}, {"id": "394355", "name": "Build a salad"}, {"id": "450352", "name": "Christmas is coming"}, {"id": "460386", "name": "Perfect for cheeseboards"}, {"id": "481357", "name": "Dine in"}, {"id": "561852", "name": "Build a Cheeseboard"}], "attributes": {"brand": ["Sainsbury's"]}, "is_supply_chain_orderable": false, "display_icons": ["British"], "pdp_deep_link": "/shop/ProductDisplay?storeId=10151&langId=44&productId=923682"}, {"product_uid": "1192377", "favourite_uid": null, "eans": ["0000001192377"], "product_type": "BASIC", "name": "Sainsbury's Lighter Mozzarella Cheese 125g", "image": "https://www.sainsburys.co.uk/wcsstore/ExtendedSitesCatalogAssetStore/images/catalog/productImages/77/0000001192377/0000001192377_L.jpeg", "image_zoom": null, "image_thumbnail": "https://www.sainsburys.co.uk/wcsstore/ExtendedSitesCatalogAssetStore/images/catalog/productImages/77/0000001192377/0000001192377_M.jpeg", "image_thumbnail_small": "https://www.sainsburys.co.uk/wcsstore/ExtendedSitesCatalogAssetStore/images/catalog/productImages/77/0000001192377/0000001192377_S.jpeg", "full_url": "https://www.sainsburys.co.uk/shop/gb/groceries/product/details/sainsburys-lighter-mozzarella-cheese-125g", "unit_price": {"price": 11.6, "measure": "kg", "measure_amount": 1}, "retail_price": {"price": 1.45, "measure": "unit"}, "is_available": true, "promotions": [], "associations": [], "is_alcoholic": false, "is_spotlight": false, "is_intolerant": false, "is_mhra": false, "badges": [], "labels": [{"label_uid": "Chilled", "text": "Chilled", "alt_text": "Chilled", "color": "#005096", "link_opens_in_new_window": false}], "zone": null, "department": null, "reviews": {"is_enabled": true, "product_uid": "1192377", "total": 57, "average_rating": 3.6491}, "breadcrumbs": [], "assets": {"plp_image": "https://assets.sainsburys-groceries.co.uk/gol/1192377/image.jpg", "images": [], "video": []}, "description": [], "important_information": ["The above details have been prepared to help you select suitable products. Products and their ingredients are liable to change.", "<strong>You should always read the label before consuming or using the product and never rely solely on the information presented here.", "If you require specific advice on any Sainsbury's branded product, please contact our Customer Careline on 0800 636262. For all other products, please contact the manufacturer, whose details will appear on the packaging or label. Sainsbury's is therefore unable to accept liability for any incorrect information.", "You should also note that the picture / images show only our serving suggestions of how to serve or prepare your food \u2013 all accessories and additional items and/or ingredients pictured with the product you are purchasing are not included.", "This information is supplied for your personal use only. It may not be reproduced in any way without the prior consent of Sainsbury's Supermarkets Ltd and due acknowledgement"], "attachments": [], "categories": [{"id": "651360", "name": "Mediterranean food"}, {"id": "428905", "name": "Speciality & continental cheese"}, {"id": "474592", "name": "Dairy & chilled essentials"}], "is_supply_chain_orderable": false, "display_icons": ["Chilled"], "pdp_deep_link": "/shop/ProductDisplay?storeId=10151&langId=44&productId=17168"}, {"product_uid": "7896623", "favourite_uid": null, "eans": ["0000000311137"], "product_type": "BASIC", "name": "Sainsbury's Thin & Crispy Four Cheese Pizza 354g", "image": "https://www.sainsburys.co.uk/wcsstore/ExtendedSitesCatalogAssetStore/images/catalog/productImages/37/0000000311137/0000000311137_L.jpeg", "image_zoom": null, "image_thumbnail": "https://www.sainsburys.co.uk/wcsstore/ExtendedSitesCatalogAssetStore/images/catalog/productImages/37/0000000311137/0000000311137_M.jpeg", "image_thumbnail_small": "https://www.sainsburys.co.uk/wcsstore/ExtendedSitesCatalogAssetStore/images/catalog/productImages/37/0000000311137/0000000311137_S.jpeg", "full_url": "https://www.sainsburys.co.uk/shop/gb/groceries/product/details/sainsburys-thin-crispy-four-cheese-pizza-377g", "unit_price": {"price": 5.23, "measure": "kg", "measure_amount": 1}, "retail_price": {"price": 1.85, "measure": "unit"}, "is_available": true, "promotions": [], "associations": [], "is_alcoholic": false, "is_spotlight": false, "is_intolerant": false, "is_mhra": false, "badges": [], "labels": [{"label_uid": "Frozen", "text": "Frozen", "alt_text": "Frozen", "color": "#005096", "link_opens_in_new_window": false}], "zone": null, "department": null, "reviews": {"is_enabled": true, "product_uid": "7896623", "total": 88, "average_rating": 4.5227}, "breadcrumbs": [], "assets": {"plp_image": "https://assets.sainsburys-groceries.co.uk/gol/7896623/image.jpg", "images": [], "video": []}, "description": [], "important_information": ["The above details have been prepared to help you select suitable products. Products and their ingredients are liable to change.", "<strong>You should always read the label before consuming or using the product and never rely solely on the information presented here.", "If you require specific advice on any Sainsbury's branded product, please contact our Customer Careline on 0800 636262. For all other products, please contact the manufacturer, whose details will appear on the packaging or label. Sainsbury's is therefore unable to accept liability for any incorrect information.", "You should also note that the picture / images show only our serving suggestions of how to serve or prepare your food \u2013 all accessories and additional items and/or ingredients pictured with the product you are purchasing are not included.", "This information is supplied for your personal use only. It may not be reproduced in any way without the prior consent of Sainsbury's Supermarkets Ltd and due acknowledgement"], "attachments": [], "categories": [{"id": "610858", "name": "Fake-Away"}, {"id": "218871", "name": "Thin crust"}, {"id": "269799", "name": "All pizza & garlic bread"}, {"id": "385374", "name": "Quick tea time"}, {"id": "410380", "name": "Special offers"}, {"id": "417428", "name": "Six Nations with Guinness"}, {"id": "410853", "name": "Cosy night in"}, {"id": "431867", "name": "Watch the sport"}, {"id": "462356", "name": "Special offers"}, {"id": "465367", "name": "Frozen takeaway"}, {"id": "511357", "name": "Summer of sport"}], "attributes": {"brand": ["Sainsbury's"]}, "is_supply_chain_orderable": false, "display_icons": ["Frozen"], "pdp_deep_link": "/shop/ProductDisplay?storeId=10151&langId=44&productId=1185942"}, {"product_uid": "1408744", "favourite_uid": null, "eans": ["0000001408744"], "product_type": "BASIC", "name": "Sainsbury's British Medium Grated Cheddar Cheese 250g", "image": "https://www.sainsburys.co.uk/wcsstore/ExtendedSitesCatalogAssetStore/images/catalog/productImages/44/0000001408744/0000001408744_L.jpeg", "image_zoom": null, "image_thumbnail": "https://www.sainsburys.co.uk/wcsstore/ExtendedSitesCatalogAssetStore/images/catalog/productImages/44/0000001408744/0000001408744_M.jpeg", "image_thumbnail_small": "https://www.sainsburys.co.uk/wcsstore/ExtendedSitesCatalogAssetStore/images/catalog/productImages/44/0000001408744/0000001408744_S.jpeg", "full_url": "https://www.sainsburys.co.uk/shop/gb/groceries/product/details/sainsburys-british-medium-grated-cheddar-250g", "unit_price": {"price": 10.4, "measure": "kg", "measure_amount": 1}, "retail_price": {"price": 2.6, "measure": "unit"}, "is_available": true, "promotions": [], "associations": [], "is_alcoholic": false, "is_spotlight": false, "is_intolerant": false, "is_mhra": false, "badges": [], "labels": [{"label_uid": "British", "text": "BRITISH", "alt_text": "BRITISH", "color": "#4c4c4c", "link_opens_in_new_window": false}, {"label_uid": "Chilled", "text": "Chilled", "alt_text": "Chilled", "color": "#005096", "link_opens_in_new_window": false}], "zone": null, "department": null, "reviews": {"is_enabled": true, "product_uid": "1408744", "total": 63, "average_rating": 4.6825}, "breadcrumbs": [], "assets": {"plp_image": "https://assets.sainsburys-groceries.co.uk/gol/1408744/image.jpg", "images": [], "video": []}, "description": [], "important_information": ["The above details have been prepared to help you select suitable products. Products and their ingredients are liable to change.", "<strong>You should always read the label before consuming or using the product and never rely solely on the information presented here.", "If you require specific advice on any Sainsbury's branded product, please contact our Customer Careline on 0800 636262. For all other products, please contact the manufacturer, whose details will appear on the packaging or label. Sainsbury's is therefore unable to accept liability for any incorrect information.", "You should also note that the picture / images show only our serving suggestions of how to serve or prepare your food \u2013 all accessories and additional items and/or ingredients pictured with the product you are purchasing are not included.", "This information is supplied for your personal use only. It may not be reproduced in any way without the prior consent of Sainsbury's Supermarkets Ltd and due acknowledgement"], "attachments": [], "categories": [{"id": "641353", "name": "Best of British"}, {"id": "604354", "name": "Best of British"}, {"id": "428900", "name": "Cheddar & British regional cheese"}, {"id": "428901", "name": "Sliced & grated cheese"}, {"id": "474592", "name": "Dairy & chilled essentials"}], "attributes": {"brand": ["Sainsbury's"]}, "is_supply_chain_orderable": false, "display_icons": ["British", "Chilled"], "pdp_deep_link": "/shop/ProductDisplay?storeId=10151&langId=44&productId=109784"}, {"product_uid": "7299656", "favourite_uid": null, "eans": ["0000001734621"], "product_type": "BASIC", "name": "Sainsbury's Double Gloucester Cheese 250g", "image": "https://www.sainsburys.co.uk/wcsstore/ExtendedSitesCatalogAssetStore/images/catalog/productImages/21/0000001734621/0000001734621_L.jpeg", "image_zoom": null, "image_thumbnail": "https://www.sainsburys.co.uk/wcsstore/ExtendedSitesCatalogAssetStore/images/catalog/productImages/21/0000001734621/0000001734621_M.jpeg", "image_thumbnail_small": "https://www.sainsburys.co.uk/wcsstore/ExtendedSitesCatalogAssetStore/images/catalog/productImages/21/0000001734621/0000001734621_S.jpeg", "full_url": "https://www.sainsburys.co.uk/shop/gb/groceries/product/details/sainsburys-double-gloucester-250g", "unit_price": {"price": 11.4, "measure": "kg", "measure_amount": 1}, "retail_price": {"price": 2.85, "measure": "unit"}, "is_available": true, "promotions": [], "associations": [], "is_alcoholic": false, "is_spotlight": false, "is_intolerant": false, "is_mhra": false, "badges": [], "labels": [], "zone": null, "department": null, "reviews": {"is_enabled": true, "product_uid": "7299656", "total": 127, "average_rating": 4.6063}, "breadcrumbs": [], "assets": {"plp_image": "https://assets.sainsburys-groceries.co.uk/gol/7299656/image.jpg", "images": [], "video": []}, "description": [], "important_information": ["The above details have been prepared to help you select suitable products. Products and their ingredients are liable to change.", "<strong>You should always read the label before consuming or using the product and never rely solely on the information presented here.", "If you require specific advice on any Sainsbury's branded product, please contact our Customer Careline on 0800 636262. For all other products, please contact the manufacturer, whose details will appear on the packaging or label. Sainsbury's is therefore unable to accept liability for any incorrect information.", "You should also note that the picture / images show only our serving suggestions of how to serve or prepare your food \u2013 all accessories and additional items and/or ingredients pictured with the product you are purchasing are not included.", "This information is supplied for your personal use only. It may not be reproduced in any way without the prior consent of Sainsbury's Supermarkets Ltd and due acknowledgement"], "attachments": [], "categories": [{"id": "649380", "name": "Regional cheese"}, {"id": "428900", "name": "Cheddar & British regional cheese"}, {"id": "561852", "name": "Build a Cheeseboard"}], "attributes": {"brand": ["Sainsbury's"]}, "is_supply_chain_orderable": false, "display_icons": [], "pdp_deep_link": "/shop/ProductDisplay?storeId=10151&langId=44&productId=119584"}, {"product_uid": "1305098", "favourite_uid": null, "eans": ["0000001305098"], "product_type": "BASIC", "name": "Sainsbury's Mascarpone Cheese 250g", "image": "https://www.sainsburys.co.uk/wcsstore/ExtendedSitesCatalogAssetStore/images/catalog/productImages/98/0000001305098/0000001305098_L.jpeg", "image_zoom": null, "image_thumbnail": "https://www.sainsburys.co.uk/wcsstore/ExtendedSitesCatalogAssetStore/images/catalog/productImages/98/0000001305098/0000001305098_M.jpeg", "image_thumbnail_small": "https://www.sainsburys.co.uk/wcsstore/ExtendedSitesCatalogAssetStore/images/catalog/productImages/98/0000001305098/0000001305098_S.jpeg", "full_url": "https://www.sainsburys.co.uk/shop/gb/groceries/product/details/sainsburys-mascarpone-250g", "unit_price": {"price": 9, "measure": "kg", "measure_amount": 1}, "retail_price": {"price": 2.25, "measure": "unit"}, "is_available": true, "promotions": [], "associations": [], "is_alcoholic": false, "is_spotlight": false, "is_intolerant": false, "is_mhra": false, "badges": [], "labels": [{"label_uid": "Chilled", "text": "Chilled", "alt_text": "Chilled", "color": "#005096", "link_opens_in_new_window": false}], "zone": null, "department": null, "reviews": {"is_enabled": true, "product_uid": "1305098", "total": 42, "average_rating": 4.5476}, "breadcrumbs": [], "assets": {"plp_image": "https://assets.sainsburys-groceries.co.uk/gol/1305098/image.jpg", "images": [], "video": []}, "description": [], "important_information": ["The above details have been prepared to help you select suitable products. Products and their ingredients are liable to change.", "<strong>You should always read the label before consuming or using the product and never rely solely on the information presented here.", "If you require specific advice on any Sainsbury's branded product, please contact our Customer Careline on 0800 636262. For all other products, please contact the manufacturer, whose details will appear on the packaging or label. Sainsbury's is therefore unable to accept liability for any incorrect information.", "You should also note that the picture / images show only our serving suggestions of how to serve or prepare your food \u2013 all accessories and additional items and/or ingredients pictured with the product you are purchasing are not included.", "This information is supplied for your personal use only. It may not be reproduced in any way without the prior consent of Sainsbury's Supermarkets Ltd and due acknowledgement"], "attachments": [], "categories": [{"id": "651360", "name": "Mediterranean food"}, {"id": "428905", "name": "Speciality & continental cheese"}, {"id": "428902", "name": "Soft & cottage cheese"}], "is_supply_chain_orderable": false, "display_icons": ["Chilled"], "pdp_deep_link": "/shop/ProductDisplay?storeId=10151&langId=44&productId=17284"}, {"product_uid": "6338949", "favourite_uid": null, "eans": ["5000295109094"], "product_type": "BASIC", "name": "Cathedral City Mini Mature Cheddar Cheeses 6x20g", "image": "https://www.sainsburys.co.uk/wcsstore/ExtendedSitesCatalogAssetStore/images/catalog/productImages/94/5000295109094/5000295109094_L.jpeg", "image_zoom": null, "image_thumbnail": "https://www.sainsburys.co.uk/wcsstore/ExtendedSitesCatalogAssetStore/images/catalog/productImages/94/5000295109094/5000295109094_M.jpeg", "image_thumbnail_small": "https://www.sainsburys.co.uk/wcsstore/ExtendedSitesCatalogAssetStore/images/catalog/productImages/94/5000295109094/5000295109094_S.jpeg", "full_url": "https://www.sainsburys.co.uk/shop/gb/groceries/product/details/cathedral-city-mature-minis-120g", "unit_price": {"price": 17.5, "measure": "kg", "measure_amount": 1}, "retail_price": {"price": 2.1, "measure": "unit"}, "is_available": true, "promotions": [], "associations": [], "is_alcoholic": false, "is_spotlight": false, "is_intolerant": false, "is_mhra": false, "badges": [], "labels": [{"label_uid": "Chilled", "text": "Chilled", "alt_text": "Chilled", "color": "#005096", "link_opens_in_new_window": false}], "zone": null, "department": null, "reviews": {"is_enabled": true, "product_uid": "6338949", "total": 17, "average_rating": 4.4706}, "breadcrumbs": [], "assets": {"plp_image": "https://assets.sainsburys-groceries.co.uk/gol/6338949/image.jpg", "images": [], "video": []}, "description": [], "important_information": ["The above details have been prepared to help you select suitable products. Products and their ingredients are liable to change.", "<strong>You should always read the label before consuming or using the product and never rely solely on the information presented here.", "If you require specific advice on any Sainsbury's branded product, please contact our Customer Careline on 0800 636262. For all other products, please contact the manufacturer, whose details will appear on the packaging or label. Sainsbury's is therefore unable to accept liability for any incorrect information.", "You should also note that the picture / images show only our serving suggestions of how to serve or prepare your food \u2013 all accessories and additional items and/or ingredients pictured with the product you are purchasing are not included.", "This information is supplied for your personal use only. It may not be reproduced in any way without the prior consent of Sainsbury's Supermarkets Ltd and due acknowledgement"], "attachments": [], "categories": [{"id": "649357", "name": "Lunch and snacks"}, {"id": "428909", "name": "Snacking & lunchbox cheese"}, {"id": "428900", "name": "Cheddar & British regional cheese"}, {"id": "463853", "name": "200 calories or less snacking"}, {"id": "504352", "name": "Snack time treats"}, {"id": "595853", "name": "Cathedral City, Davidstow, Clover & Country Life"}, {"id": "570358", "name": "New Year New You"}], "attributes": {"brand": ["Cathedral City"]}, "is_supply_chain_orderable": false, "display_icons": ["Chilled"], "pdp_deep_link": "/shop/ProductDisplay?storeId=10151&langId=44&productId=114918"}, {"product_uid": "1061376", "favourite_uid": null, "eans": ["0000001061376"], "product_type": "BASIC", "name": "Sainsbury's Cheese & Onion Multipack Crisps 6x25g", "image": "https://www.sainsburys.co.uk/wcsstore/ExtendedSitesCatalogAssetStore/images/catalog/productImages/76/0000001061376/0000001061376_L.jpeg", "image_zoom": null, "image_thumbnail": "https://www.sainsburys.co.uk/wcsstore/ExtendedSitesCatalogAssetStore/images/catalog/productImages/76/0000001061376/0000001061376_M.jpeg", "image_thumbnail_small": "https://www.sainsburys.co.uk/wcsstore/ExtendedSitesCatalogAssetStore/images/catalog/productImages/76/0000001061376/0000001061376_S.jpeg", "full_url": "https://www.sainsburys.co.uk/shop/gb/groceries/product/details/sainsburys-cheese---onion-crisps-6x25g", "unit_price": {"price": 0.73, "measure": "g", "measure_amount": 100}, "retail_price": {"price": 1.1, "measure": "unit"}, "is_available": true, "promotions": [], "associations": [], "is_alcoholic": false, "is_spotlight": false, "is_intolerant": false, "is_mhra": false, "badges": [], "labels": [{"label_uid": "British", "text": "BRITISH", "alt_text": "BRITISH", "color": "#4c4c4c", "link_opens_in_new_window": false}], "zone": null, "department": null, "reviews": {"is_enabled": true, "product_uid": "1061376", "total": 109, "average_rating": 4.3303}, "breadcrumbs": [], "assets": {"plp_image": "https://assets.sainsburys-groceries.co.uk/gol/1061376/image.jpg", "images": [], "video": []}, "description": [], "important_information": ["The above details have been prepared to help you select suitable products. Products and their ingredients are liable to change.", "<strong>You should always read the label before consuming or using the product and never rely solely on the information presented here.", "If you require specific advice on any Sainsbury's branded product, please contact our Customer Careline on 0800 636262. For all other products, please contact the manufacturer, whose details will appear on the packaging or label. Sainsbury's is therefore unable to accept liability for any incorrect information.", "You should also note that the picture / images show only our serving suggestions of how to serve or prepare your food \u2013 all accessories and additional items and/or ingredients pictured with the product you are purchasing are not included.", "This information is supplied for your personal use only. It may not be reproduced in any way without the prior consent of Sainsbury's Supermarkets Ltd and due acknowledgement"], "attachments": [], "categories": [{"id": "604354", "name": "Best of British"}, {"id": "288315", "name": "All"}], "attributes": {"brand": ["Sainsbury's"]}, "is_supply_chain_orderable": false, "display_icons": ["British"], "pdp_deep_link": "/shop/ProductDisplay?storeId=10151&langId=44&productId=79592"}, {"product_uid": "8144684", "favourite_uid": null, "eans": ["0000000490375"], "product_type": "BASIC", "name": "Stamford Street Co. Cheese & Tomato Pizza 101g", "image": "https://www.sainsburys.co.uk/wcsstore/ExtendedSitesCatalogAssetStore/images/catalog/productImages/75/0000000490375/0000000490375_L.jpeg", "image_zoom": null, "image_thumbnail": "https://www.sainsburys.co.uk/wcsstore/ExtendedSitesCatalogAssetStore/images/catalog/productImages/75/0000000490375/0000000490375_M.jpeg", "image_thumbnail_small": "https://www.sainsburys.co.uk/wcsstore/ExtendedSitesCatalogAssetStore/images/catalog/productImages/75/0000000490375/0000000490375_S.jpeg", "full_url": "https://www.sainsburys.co.uk/shop/gb/groceries/product/details/stamford-street-food-co-cheese-tomato-pizza-101g", "unit_price": {"price": 5.05, "measure": "kg", "measure_amount": 1}, "retail_price": {"price": 0.51, "measure": "unit"}, "is_available": true, "promotions": [], "associations": [], "is_alcoholic": false, "is_spotlight": false, "is_intolerant": false, "is_mhra": false, "badges": [], "labels": [{"label_uid": "Aldi Price Match", "text": "ALDI PRICE MATCH*", "alt_text": "ALDI PRICE MATCH*", "color": "#D70000", "link": "https://www.sainsburys.co.uk/gol-ui/events/aldi-price-match", "link_opens_in_new_window": false}], "zone": null, "department": null, "reviews": {"is_enabled": true, "product_uid": "8144684", "total": 45, "average_rating": 3.3333}, "breadcrumbs": [], "assets": {"plp_image": "https://assets.sainsburys-groceries.co.uk/gol/8144684/image.jpg", "images": [], "video": []}, "description": [], "important_information": ["The above details have been prepared to help you select suitable products. Products and their ingredients are liable to change.", "<strong>You should always read the label before consuming or using the product and never rely solely on the information presented here.", "If you require specific advice on any Sainsbury's branded product, please contact our Customer Careline on 0800 636262. For all other products, please contact the manufacturer, whose details will appear on the packaging or label. Sainsbury's is therefore unable to accept liability for any incorrect information.", "You should also note that the picture / images show only our serving suggestions of how to serve or prepare your food \u2013 all accessories and additional items and/or ingredients pictured with the product you are purchasing are not included.", "This information is supplied for your personal use only. It may not be reproduced in any way without the prior consent of Sainsbury's Supermarkets Ltd and due acknowledgement"], "attachments": [], "categories": [{"id": "607852", "name": "Stamford Street Co."}, {"id": "607854", "name": "Aldi Price Match"}, {"id": "603907", "name": "Coca Cola & Pizza"}, {"id": "649358", "name": "Easy tea time"}, {"id": "651360", "name": "Mediterranean food"}, {"id": "428911", "name": "Italian ready meals"}, {"id": "428938", "name": "Pizza"}, {"id": "461871", "name": "Vegetarian & plant based"}, {"id": "502859", "name": "Aldi Price Match"}, {"id": "593854", "name": "Family Night In"}, {"id": "581853", "name": "Stamford Street Co."}], "attributes": {"brand": ["Stamford Street Co."]}, "is_supply_chain_orderable": false, "display_icons": ["Aldi Price Match"], "pdp_deep_link": "/shop/ProductDisplay?storeId=10151&langId=44&productId=1475588"}, {"product_uid": "7179695", "favourite_uid": null, "eans": ["0000001697315"], "product_type": "BASIC", "name": "Sainsbury's Somerset Brie Cheese 230g", "image": "https://www.sainsburys.co.uk/wcsstore/ExtendedSitesCatalogAssetStore/images/catalog/productImages/15/0000001697315/0000001697315_L.jpeg", "image_zoom": null, "image_thumbnail": "https://www.sainsburys.co.uk/wcsstore/ExtendedSitesCatalogAssetStore/images/catalog/productImages/15/0000001697315/0000001697315_M.jpeg", "image_thumbnail_small": "https://www.sainsburys.co.uk/wcsstore/ExtendedSitesCatalogAssetStore/images/catalog/productImages/15/0000001697315/0000001697315_S.jpeg", "full_url": "https://www.sainsburys.co.uk/shop/gb/groceries/product/details/sainsburys-somerset-brie-230g", "unit_price": {"price": 13.48, "measure": "kg", "measure_amount": 1}, "retail_price": {"price": 3.1, "measure": "unit"}, "is_available": true, "promotions": [], "associations": [], "is_alcoholic": false, "is_spotlight": false, "is_intolerant": false, "is_mhra": false, "badges": [], "labels": [{"label_uid": "British", "text": "BRITISH", "alt_text": "BRITISH", "color": "#4c4c4c", "link_opens_in_new_window": false}], "zone": null, "department": null, "reviews": {"is_enabled": true, "product_uid": "7179695", "total": 196, "average_rating": 4.602}, "breadcrumbs": [], "assets": {"plp_image": "https://assets.sainsburys-groceries.co.uk/gol/7179695/image.jpg", "images": [], "video": []}, "description": [], "important_information": ["The above details have been prepared to help you select suitable products. Products and their ingredients are liable to change.", "<strong>You should always read the label before consuming or using the product and never rely solely on the information presented here.", "If you require specific advice on any Sainsbury's branded product, please contact our Customer Careline on 0800 636262. For all other products, please contact the manufacturer, whose details will appear on the packaging or label. Sainsbury's is therefore unable to accept liability for any incorrect information.", "You should also note that the picture / images show only our serving suggestions of how to serve or prepare your food \u2013 all accessories and additional items and/or ingredients pictured with the product you are purchasing are not included.", "This information is supplied for your personal use only. It may not be reproduced in any way without the prior consent of Sainsbury's Supermarkets Ltd and due acknowledgement"], "attachments": [], "categories": [{"id": "641353", "name": "Best of British"}, {"id": "604354", "name": "Best of British"}, {"id": "649380", "name": "Regional cheese"}, {"id": "649375", "name": "Brie and camembert"}, {"id": "410358", "name": "Special offers"}, {"id": "428905", "name": "Speciality & continental cheese"}, {"id": "460386", "name": "Perfect for cheeseboards"}, {"id": "474592", "name": "Dairy & chilled essentials"}, {"id": "561852", "name": "Build a Cheeseboard"}], "attributes": {"brand": ["Sainsbury's"]}, "is_supply_chain_orderable": false, "display_icons": ["British"], "pdp_deep_link": "/shop/ProductDisplay?storeId=10151&langId=44&productId=118498"}, {"product_uid": "6002597", "favourite_uid": null, "eans": ["0000001008135"], "product_type": "BASIC", "name": "Sainsbury's Cauliflower Cheese, Taste the Difference 400g", "image": "https://www.sainsburys.co.uk/wcsstore/ExtendedSitesCatalogAssetStore/images/catalog/productImages/35/0000001008135/0000001008135_L.jpeg", "image_zoom": null, "image_thumbnail": "https://www.sainsburys.co.uk/wcsstore/ExtendedSitesCatalogAssetStore/images/catalog/productImages/35/0000001008135/0000001008135_M.jpeg", "image_thumbnail_small": "https://www.sainsburys.co.uk/wcsstore/ExtendedSitesCatalogAssetStore/images/catalog/productImages/35/0000001008135/0000001008135_S.jpeg", "full_url": "https://www.sainsburys.co.uk/shop/gb/groceries/product/details/sainsburys-cauliflower-cheese--taste-the-difference-400g-6002597-p-44", "unit_price": {"price": 8.13, "measure": "kg", "measure_amount": 1}, "retail_price": {"price": 3.25, "measure": "unit"}, "is_available": true, "promotions": [], "sponsored_locations": ["Homepage"], "associations": [], "is_alcoholic": false, "is_spotlight": false, "is_intolerant": false, "is_mhra": false, "badges": [], "labels": [], "zone": null, "department": null, "reviews": {"is_enabled": true, "product_uid": "6002597", "total": 185, "average_rating": 2.6432}, "breadcrumbs": [], "assets": {"plp_image": "https://assets.sainsburys-groceries.co.uk/gol/6002597/image.jpg", "images": [], "video": []}, "description": [], "important_information": ["The above details have been prepared to help you select suitable products. Products and their ingredients are liable to change.", "<strong>You should always read the label before consuming or using the product and never rely solely on the information presented here.", "If you require specific advice on any Sainsbury's branded product, please contact our Customer Careline on 0800 636262. For all other products, please contact the manufacturer, whose details will appear on the packaging or label. Sainsbury's is therefore unable to accept liability for any incorrect information.", "You should also note that the picture / images show only our serving suggestions of how to serve or prepare your food \u2013 all accessories and additional items and/or ingredients pictured with the product you are purchasing are not included.", "This information is supplied for your personal use only. It may not be reproduced in any way without the prior consent of Sainsbury's Supermarkets Ltd and due acknowledgement"], "attachments": [], "categories": [{"id": "646372", "name": "Father's Day feast"}, {"id": "276286", "name": "Special offers"}, {"id": "410368", "name": "Special offers"}, {"id": "410378", "name": "Special offers"}, {"id": "419393", "name": "New"}, {"id": "434364", "name": "Premium meat"}, {"id": "448380", "name": "Simple meals"}, {"id": "456856", "name": "Special offers"}, {"id": "461871", "name": "Vegetarian & plant based"}, {"id": "462356", "name": "Special offers"}, {"id": "478360", "name": "Build a roast dinner"}, {"id": "495852", "name": "Winter warmers"}, {"id": "570358", "name": "New Year New You"}], "attributes": {"brand": ["Taste the Difference", "Sainsbury's"]}, "is_supply_chain_orderable": false, "display_icons": ["Vegetarian"], "pdp_deep_link": "/shop/ProductDisplay?storeId=10151&langId=44&productId=434826"}, {"product_uid": "7566885", "favourite_uid": null, "eans": ["5000187130908"], "product_type": "BASIC", "name": "Strings & Things Cheestrings Cheese Snack x4 80g", "image": "https://www.sainsburys.co.uk/wcsstore/ExtendedSitesCatalogAssetStore/images/catalog/productImages/08/5000187130908/5000187130908_L.jpeg", "image_zoom": null, "image_thumbnail": "https://www.sainsburys.co.uk/wcsstore/ExtendedSitesCatalogAssetStore/images/catalog/productImages/08/5000187130908/5000187130908_M.jpeg", "image_thumbnail_small": "https://www.sainsburys.co.uk/wcsstore/ExtendedSitesCatalogAssetStore/images/catalog/productImages/08/5000187130908/5000187130908_S.jpeg", "full_url": "https://www.sainsburys.co.uk/shop/gb/groceries/product/details/strings---things-cheestrings-cheese-snack-x4-80g-7566885-p", "unit_price": {"price": 21.88, "measure": "kg", "measure_amount": 1}, "retail_price": {"price": 1.25, "measure": "unit"}, "nectar_price": {"retail_price": 1.25, "unit_price": 15.63, "measure": "unit", "url": "https://www.sainsburys.co.uk/shop/gb/groceries/new---trending/nectar-prices", "category_seo_url": "gb/groceries/new---trending/nectar-prices"}, "is_available": true, "promotions": [{"promotion_uid": "10713915", "icon": "https://www.sainsburys.co.uk/wcsstore/Sainsburys/Promotion assets/Promotion icons/Buy_X_For_Y_Amt_S_Icon.gif", "link": "/gol-ui/promo-lister/10713915", "strap_line": "Buy 1 for 1.25", "start_date": "2025-12-10T00:00:00Z", "end_date": "2025-12-31T00:00:00Z", "original_price": 1.75, "promo_mechanic_id": "99", "is_nectar": true, "promo_type": "SIMPLE_FIXED_PRICE", "promo_group": "simple"}], "associations": [], "is_alcoholic": false, "is_spotlight": false, "is_intolerant": false, "is_mhra": false, "badges": [], "labels": [{"label_uid": "Chilled", "text": "Chilled", "alt_text": "Chilled", "color": "#005096", "link_opens_in_new_window": false}], "zone": null, "department": null, "reviews": {"is_enabled": true, "product_uid": "7566885", "total": 93, "average_rating": 4.086}, "breadcrumbs": [], "assets": {"plp_image": "https://assets.sainsburys-groceries.co.uk/gol/7566885/image.jpg", "images": [], "video": []}, "description": [], "important_information": ["The above details have been prepared to help you select suitable products. Products and their ingredients are liable to change.", "<strong>You should always read the label before consuming or using the product and never rely solely on the information presented here.", "If you require specific advice on any Sainsbury's branded product, please contact our Customer Careline on 0800 636262. For all other products, please contact the manufacturer, whose details will appear on the packaging or label. Sainsbury's is therefore unable to accept liability for any incorrect information.", "You should also note that the picture / images show only our serving suggestions of how to serve or prepare your food \u2013 all accessories and additional items and/or ingredients pictured with the product you are purchasing are not included.", "This information is supplied for your personal use only. It may not be reproduced in any way without the prior consent of Sainsbury's Supermarkets Ltd and due acknowledgement"], "attachments": [], "categories": [{"id": "618856", "name": "Back to Routine"}, {"id": "428372", "name": "Special offers"}, {"id": "428374", "name": "Special offers"}, {"id": "428909", "name": "Snacking & lunchbox cheese"}, {"id": "428376", "name": "Special offers"}, {"id": "428962", "name": "Fruit, snacks & treats"}, {"id": "591852", "name": "Back in the Routine"}], "header": {"text": "Nectar price", "type": "NECTAR"}, "attributes": {"brand": ["Strings & Things"]}, "is_supply_chain_orderable": false, "display_icons": ["Chilled"], "pdp_deep_link": "/shop/ProductDisplay?storeId=10151&langId=44&productId=125578"}, {"product_uid": "3704684", "favourite_uid": null, "eans": ["3341502000110"], "product_type": "BASIC", "name": "Saint Agur Blue Cheese 150g", "image": "https://www.sainsburys.co.uk/wcsstore/ExtendedSitesCatalogAssetStore/images/catalog/productImages/10/3341502000110/3341502000110_L.jpeg", "image_zoom": null, "image_thumbnail": "https://www.sainsburys.co.uk/wcsstore/ExtendedSitesCatalogAssetStore/images/catalog/productImages/10/3341502000110/3341502000110_M.jpeg", "image_thumbnail_small": "https://www.sainsburys.co.uk/wcsstore/ExtendedSitesCatalogAssetStore/images/catalog/productImages/10/3341502000110/3341502000110_S.jpeg", "full_url": "https://www.sainsburys.co.uk/shop/gb/groceries/product/details/saint-agur-cheese-150g", "unit_price": {"price": 21.33, "measure": "kg", "measure_amount": 1}, "retail_price": {"price": 2.5, "measure": "unit"}, "nectar_price": {"retail_price": 2.5, "unit_price": 16.66, "measure": "unit", "url": "https://www.sainsburys.co.uk/shop/gb/groceries/new---trending/nectar-prices", "category_seo_url": "gb/groceries/new---trending/nectar-prices"}, "is_available": true, "promotions": [{"promotion_uid": "10715864", "icon": "https://www.sainsburys.co.uk/wcsstore/Sainsburys/Promotion assets/Promotion icons/Buy_X_For_Y_Amt_S_Icon.gif", "link": "/gol-ui/promo-lister/10715864", "strap_line": "Buy 1 for 2.5", "start_date": "2025-12-10T00:00:00Z", "end_date": "2025-12-31T00:00:00Z", "original_price": 3.2, "promo_mechanic_id": "99", "is_nectar": true, "promo_type": "SIMPLE_FIXED_PRICE", "promo_group": "simple"}], "associations": [], "is_alcoholic": false, "is_spotlight": false, "is_intolerant": false, "is_mhra": false, "badges": [], "labels": [{"label_uid": "Chilled", "text": "Chilled", "alt_text": "Chilled", "color": "#005096", "link_opens_in_new_window": false}], "zone": null, "department": null, "reviews": {"is_enabled": true, "product_uid": "3704684", "total": 31, "average_rating": 4.3226}, "breadcrumbs": [], "assets": {"plp_image": "https://assets.sainsburys-groceries.co.uk/gol/3704684/image.jpg", "images": [], "video": []}, "description": [], "important_information": ["The above details have been prepared to help you select suitable products. Products and their ingredients are liable to change.", "<strong>You should always read the label before consuming or using the product and never rely solely on the information presented here.", "If you require specific advice on any Sainsbury's branded product, please contact our Customer Careline on 0800 636262. For all other products, please contact the manufacturer, whose details will appear on the packaging or label. Sainsbury's is therefore unable to accept liability for any incorrect information.", "You should also note that the picture / images show only our serving suggestions of how to serve or prepare your food \u2013 all accessories and additional items and/or ingredients pictured with the product you are purchasing are not included.", "This information is supplied for your personal use only. It may not be reproduced in any way without the prior consent of Sainsbury's Supermarkets Ltd and due acknowledgement"], "attachments": [], "categories": [{"id": "651360", "name": "Mediterranean food"}, {"id": "649379", "name": "Stilton and blue cheese"}, {"id": "428374", "name": "Special offers"}, {"id": "428376", "name": "Special offers"}, {"id": "428905", "name": "Speciality & continental cheese"}, {"id": "428991", "name": "Top rated"}, {"id": "460386", "name": "Perfect for cheeseboards"}, {"id": "481357", "name": "Dine in"}, {"id": "561852", "name": "Build a Cheeseboard"}], "header": {"text": "Nectar price", "type": "NECTAR"}, "attributes": {"brand": ["Saint Agur"]}, "is_supply_chain_orderable": false, "display_icons": ["Chilled"], "pdp_deep_link": "/shop/ProductDisplay?storeId=10151&langId=44&productId=112018"}, {"product_uid": "7555955", "favourite_uid": null, "eans": ["5019312081183", "5019312081817"], "product_type": "BASIC", "name": "Chicago Town Deep Dish Four Cheese Pizzas x2 (310g)", "image": "https://www.sainsburys.co.uk/wcsstore/ExtendedSitesCatalogAssetStore/images/catalog/productImages/17/5019312081817/5019312081817_L.jpeg", "image_zoom": null, "image_thumbnail": "https://www.sainsburys.co.uk/wcsstore/ExtendedSitesCatalogAssetStore/images/catalog/productImages/17/5019312081817/5019312081817_M.jpeg", "image_thumbnail_small": "https://www.sainsburys.co.uk/wcsstore/ExtendedSitesCatalogAssetStore/images/catalog/productImages/17/5019312081817/5019312081817_S.jpeg", "full_url": "https://www.sainsburys.co.uk/shop/gb/groceries/product/details/chicago-town-the-deep-dish-four-cheese-pizzas-2x155g", "unit_price": {"price": 7.6, "measure": "kg", "measure_amount": 1}, "retail_price": {"price": 2.25, "measure": "unit"}, "is_available": true, "promotions": [], "associations": [], "is_alcoholic": false, "is_spotlight": false, "is_intolerant": false, "is_mhra": false, "badges": [], "labels": [{"label_uid": "Frozen", "text": "Frozen", "alt_text": "Frozen", "color": "#005096", "link_opens_in_new_window": false}], "zone": null, "department": null, "reviews": {"is_enabled": true, "product_uid": "7555955", "total": 13, "average_rating": 2.6154}, "breadcrumbs": [], "assets": {"plp_image": "https://assets.sainsburys-groceries.co.uk/gol/7555955/image.jpg", "images": [], "video": []}, "description": [], "important_information": ["The above details have been prepared to help you select suitable products. Products and their ingredients are liable to change.", "<strong>You should always read the label before consuming or using the product and never rely solely on the information presented here.", "If you require specific advice on any Sainsbury's branded product, please contact our Customer Careline on 0800 636262. For all other products, please contact the manufacturer, whose details will appear on the packaging or label. Sainsbury's is therefore unable to accept liability for any incorrect information.", "You should also note that the picture / images show only our serving suggestions of how to serve or prepare your food \u2013 all accessories and additional items and/or ingredients pictured with the product you are purchasing are not included.", "This information is supplied for your personal use only. It may not be reproduced in any way without the prior consent of Sainsbury's Supermarkets Ltd and due acknowledgement"], "attachments": [], "categories": [{"id": "603853", "name": "Frozen Event"}, {"id": "218872", "name": "Deep pan"}, {"id": "243752", "name": "Snacking"}, {"id": "269799", "name": "All pizza & garlic bread"}, {"id": "318352", "name": "Fill up your freezer"}, {"id": "355376", "name": "Stock up"}, {"id": "385374", "name": "Quick tea time"}, {"id": "431867", "name": "Watch the sport"}, {"id": "432368", "name": "Special offers"}, {"id": "444855", "name": "Frozen family favourites"}, {"id": "465367", "name": "Frozen takeaway"}, {"id": "489852", "name": "Win with freezer favourites"}, {"id": "494373", "name": "Meals for tonight"}], "attributes": {"brand": ["Chicago Town"]}, "is_supply_chain_orderable": false, "display_icons": ["Frozen"], "pdp_deep_link": "/shop/ProductDisplay?storeId=10151&langId=44&productId=147686"}, {"product_uid": "7280609", "favourite_uid": null, "eans": ["0000001729290"], "product_type": "BASIC", "name": "Sainsbury's Lighter Cypriot Cheese 225g", "image": "https://www.sainsburys.co.uk/wcsstore/ExtendedSitesCatalogAssetStore/images/catalog/productImages/90/0000001729290/0000001729290_L.jpeg", "image_zoom": null, "image_thumbnail": "https://www.sainsburys.co.uk/wcsstore/ExtendedSitesCatalogAssetStore/images/catalog/productImages/90/0000001729290/0000001729290_M.jpeg", "image_thumbnail_small": "https://www.sainsburys.co.uk/wcsstore/ExtendedSitesCatalogAssetStore/images/catalog/productImages/90/0000001729290/0000001729290_S.jpeg", "full_url": "https://www.sainsburys.co.uk/shop/gb/groceries/product/details/sainsburys-light-cypriot-halloumi-225g", "unit_price": {"price": 8.84, "measure": "kg", "measure_amount": 1}, "retail_price": {"price": 1.99, "measure": "unit"}, "is_available": true, "promotions": [], "associations": [], "is_alcoholic": false, "is_spotlight": false, "is_intolerant": false, "is_mhra": false, "badges": [], "labels": [{"label_uid": "Chilled", "text": "Chilled", "alt_text": "Chilled", "color": "#005096", "link_opens_in_new_window": false}, {"label_uid": "Aldi Price Match", "text": "ALDI PRICE MATCH*", "alt_text": "ALDI PRICE MATCH*", "color": "#D70000", "link": "https://www.sainsburys.co.uk/gol-ui/events/aldi-price-match", "link_opens_in_new_window": false}], "zone": null, "department": null, "reviews": {"is_enabled": true, "product_uid": "7280609", "total": 17, "average_rating": 4.2941}, "breadcrumbs": [], "assets": {"plp_image": "https://assets.sainsburys-groceries.co.uk/gol/7280609/image.jpg", "images": [], "video": []}, "description": [], "important_information": ["The above details have been prepared to help you select suitable products. Products and their ingredients are liable to change.", "<strong>You should always read the label before consuming or using the product and never rely solely on the information presented here.", "If you require specific advice on any Sainsbury's branded product, please contact our Customer Careline on 0800 636262. For all other products, please contact the manufacturer, whose details will appear on the packaging or label. Sainsbury's is therefore unable to accept liability for any incorrect information.", "You should also note that the picture / images show only our serving suggestions of how to serve or prepare your food \u2013 all accessories and additional items and/or ingredients pictured with the product you are purchasing are not included.", "This information is supplied for your personal use only. It may not be reproduced in any way without the prior consent of Sainsbury's Supermarkets Ltd and due acknowledgement"], "attachments": [], "categories": [{"id": "607854", "name": "Aldi Price Match"}, {"id": "607890", "name": "Sides"}, {"id": "651360", "name": "Mediterranean food"}, {"id": "641355", "name": "The Salad Hub"}, {"id": "394355", "name": "Build a salad"}, {"id": "428905", "name": "Speciality & continental cheese"}], "is_supply_chain_orderable": false, "display_icons": ["Chilled", "Aldi Price Match"], "pdp_deep_link": "/shop/ProductDisplay?storeId=10151&langId=44&productId=28406"}, {"product_uid": "1304916", "favourite_uid": null, "eans": ["0000001305067", "0000001304916"], "product_type": "BASIC", "name": "Sainsbury's Ricotta Cheese 250g", "image": "https://www.sainsburys.co.uk/wcsstore/ExtendedSitesCatalogAssetStore/images/catalog/productImages/16/0000001304916/0000001304916_L.jpeg", "image_zoom": null, "image_thumbnail": "https://www.sainsburys.co.uk/wcsstore/ExtendedSitesCatalogAssetStore/images/catalog/productImages/16/0000001304916/0000001304916_M.jpeg", "image_thumbnail_small": "https://www.sainsburys.co.uk/wcsstore/ExtendedSitesCatalogAssetStore/images/catalog/productImages/16/0000001304916/0000001304916_S.jpeg", "full_url": "https://www.sainsburys.co.uk/shop/gb/groceries/product/details/sainsburys-ricotta-cheese-250g", "unit_price": {"price": 6, "measure": "kg", "measure_amount": 1}, "retail_price": {"price": 1.5, "measure": "unit"}, "is_available": true, "promotions": [], "associations": [], "is_alcoholic": false, "is_spotlight": false, "is_intolerant": false, "is_mhra": false, "badges": [], "labels": [{"label_uid": "Chilled", "text": "Chilled", "alt_text": "Chilled", "color": "#005096", "link_opens_in_new_window": false}], "zone": null, "department": null, "reviews": {"is_enabled": true, "product_uid": "1304916", "total": 59, "average_rating": 4.3898}, "breadcrumbs": [], "assets": {"plp_image": "https://assets.sainsburys-groceries.co.uk/gol/1304916/image.jpg", "images": [], "video": []}, "description": [], "important_information": ["The above details have been prepared to help you select suitable products. Products and their ingredients are liable to change.", "<strong>You should always read the label before consuming or using the product and never rely solely on the information presented here.", "If you require specific advice on any Sainsbury's branded product, please contact our Customer Careline on 0800 636262. For all other products, please contact the manufacturer, whose details will appear on the packaging or label. Sainsbury's is therefore unable to accept liability for any incorrect information.", "You should also note that the picture / images show only our serving suggestions of how to serve or prepare your food \u2013 all accessories and additional items and/or ingredients pictured with the product you are purchasing are not included.", "This information is supplied for your personal use only. It may not be reproduced in any way without the prior consent of Sainsbury's Supermarkets Ltd and due acknowledgement"], "attachments": [], "categories": [{"id": "651360", "name": "Mediterranean food"}, {"id": "394355", "name": "Build a salad"}, {"id": "428905", "name": "Speciality & continental cheese"}], "is_supply_chain_orderable": false, "display_icons": ["Chilled"], "pdp_deep_link": "/shop/ProductDisplay?storeId=10151&langId=44&productId=17282"}, {"product_uid": "7908013", "favourite_uid": null, "eans": ["0000000318518"], "product_type": "BASIC", "name": "Sainsbury's French Mild Brie Cheese 200g", "image": "https://www.sainsburys.co.uk/wcsstore/ExtendedSitesCatalogAssetStore/images/catalog/productImages/18/0000000318518/0000000318518_L.jpeg", "image_zoom": null, "image_thumbnail": "https://www.sainsburys.co.uk/wcsstore/ExtendedSitesCatalogAssetStore/images/catalog/productImages/18/0000000318518/0000000318518_M.jpeg", "image_thumbnail_small": "https://www.sainsburys.co.uk/wcsstore/ExtendedSitesCatalogAssetStore/images/catalog/productImages/18/0000000318518/0000000318518_S.jpeg", "full_url": "https://www.sainsburys.co.uk/shop/gb/groceries/product/details/sainsburys-french-mild-brie-cheese-200g", "unit_price": {"price": 8.25, "measure": "kg", "measure_amount": 1}, "retail_price": {"price": 1.65, "measure": "unit"}, "is_available": true, "promotions": [], "associations": [], "is_alcoholic": false, "is_spotlight": false, "is_intolerant": false, "is_mhra": false, "badges": [], "labels": [{"label_uid": "Aldi Price Match", "text": "ALDI PRICE MATCH*", "alt_text": "ALDI PRICE MATCH*", "color": "#D70000", "link": "https://www.sainsburys.co.uk/gol-ui/events/aldi-price-match", "link_opens_in_new_window": false}, {"label_uid": "Chilled", "text": "Chilled", "alt_text": "Chilled", "color": "#005096", "link_opens_in_new_window": false}], "zone": null, "department": null, "reviews": {"is_enabled": true, "product_uid": "7908013", "total": 58, "average_rating": 3.9483}, "breadcrumbs": [], "assets": {"plp_image": "https://assets.sainsburys-groceries.co.uk/gol/7908013/image.jpg", "images": [], "video": []}, "description": [], "important_information": ["The above details have been prepared to help you select suitable products. Products and their ingredients are liable to change.", "<strong>You should always read the label before consuming or using the product and never rely solely on the information presented here.", "If you require specific advice on any Sainsbury's branded product, please contact our Customer Careline on 0800 636262. For all other products, please contact the manufacturer, whose details will appear on the packaging or label. Sainsbury's is therefore unable to accept liability for any incorrect information.", "You should also note that the picture / images show only our serving suggestions of how to serve or prepare your food \u2013 all accessories and additional items and/or ingredients pictured with the product you are purchasing are not included.", "This information is supplied for your personal use only. It may not be reproduced in any way without the prior consent of Sainsbury's Supermarkets Ltd and due acknowledgement"], "attachments": [], "categories": [{"id": "631392", "name": "Europe. Cheese at Heart"}, {"id": "607854", "name": "Aldi Price Match"}, {"id": "651360", "name": "Mediterranean food"}, {"id": "649375", "name": "Brie and camembert"}, {"id": "428905", "name": "Speciality & continental cheese"}, {"id": "460386", "name": "Perfect for cheeseboards"}, {"id": "474592", "name": "Dairy & chilled essentials"}, {"id": "502859", "name": "Aldi Price Match"}, {"id": "561852", "name": "Build a Cheeseboard"}], "is_supply_chain_orderable": false, "display_icons": ["Aldi Price Match", "Chilled"], "pdp_deep_link": "/shop/ProductDisplay?storeId=10151&langId=44&productId=1204214"}, {"product_uid": "6970086", "favourite_uid": null, "eans": ["0000001646429"], "product_type": "BASIC", "name": "Sainsbury's Mature Cheddar Cheese, SO Organic 270g", "image": "https://www.sainsburys.co.uk/wcsstore/ExtendedSitesCatalogAssetStore/images/catalog/productImages/29/0000001646429/0000001646429_L.jpeg", "image_zoom": null, "image_thumbnail": "https://www.sainsburys.co.uk/wcsstore/ExtendedSitesCatalogAssetStore/images/catalog/productImages/29/0000001646429/0000001646429_M.jpeg", "image_thumbnail_small": "https://www.sainsburys.co.uk/wcsstore/ExtendedSitesCatalogAssetStore/images/catalog/productImages/29/0000001646429/0000001646429_S.jpeg", "full_url": "https://www.sainsburys.co.uk/shop/gb/groceries/product/details/sainsburys-mature-cheddar--so-organic-270g", "unit_price": {"price": 12.96, "measure": "kg", "measure_amount": 1}, "retail_price": {"price": 3.5, "measure": "unit"}, "is_available": true, "promotions": [], "associations": [], "is_alcoholic": false, "is_spotlight": false, "is_intolerant": false, "is_mhra": false, "badges": [], "labels": [{"label_uid": "ORGANIC", "text": "ORGANIC", "alt_text": "ORGANIC", "color": "#218234", "link_opens_in_new_window": true}, {"label_uid": "British", "text": "BRITISH", "alt_text": "BRITISH", "color": "#4c4c4c", "link_opens_in_new_window": false}], "zone": null, "department": null, "reviews": {"is_enabled": true, "product_uid": "6970086", "total": 38, "average_rating": 4.1053}, "breadcrumbs": [], "assets": {"plp_image": "https://assets.sainsburys-groceries.co.uk/gol/6970086/image.jpg", "images": [], "video": []}, "description": [], "important_information": ["The above details have been prepared to help you select suitable products. Products and their ingredients are liable to change.", "<strong>You should always read the label before consuming or using the product and never rely solely on the information presented here.", "If you require specific advice on any Sainsbury's branded product, please contact our Customer Careline on 0800 636262. For all other products, please contact the manufacturer, whose details will appear on the packaging or label. Sainsbury's is therefore unable to accept liability for any incorrect information.", "You should also note that the picture / images show only our serving suggestions of how to serve or prepare your food \u2013 all accessories and additional items and/or ingredients pictured with the product you are purchasing are not included.", "This information is supplied for your personal use only. It may not be reproduced in any way without the prior consent of Sainsbury's Supermarkets Ltd and due acknowledgement"], "attachments": [], "categories": [{"id": "641353", "name": "Best of British"}, {"id": "604354", "name": "Best of British"}, {"id": "428900", "name": "Cheddar & British regional cheese"}, {"id": "461873", "name": "Dairy"}, {"id": "461911", "name": "All organic"}, {"id": "561852", "name": "Build a Cheeseboard"}], "attributes": {"brand": ["Sainsbury's"]}, "is_supply_chain_orderable": false, "display_icons": ["ORGANIC", "British"], "pdp_deep_link": "/shop/ProductDisplay?storeId=10151&langId=44&productId=117844"}, {"product_uid": "7522736", "favourite_uid": null, "eans": ["0000001810387"], "product_type": "BASIC", "name": "Sainsbury's Light Soft Cheese 250g", "image": "https://www.sainsburys.co.uk/wcsstore/ExtendedSitesCatalogAssetStore/images/catalog/productImages/87/0000001810387/0000001810387_L.jpeg", "image_zoom": null, "image_thumbnail": "https://www.sainsburys.co.uk/wcsstore/ExtendedSitesCatalogAssetStore/images/catalog/productImages/87/0000001810387/0000001810387_M.jpeg", "image_thumbnail_small": "https://www.sainsburys.co.uk/wcsstore/ExtendedSitesCatalogAssetStore/images/catalog/productImages/87/0000001810387/0000001810387_S.jpeg", "full_url": "https://www.sainsburys.co.uk/shop/gb/groceries/product/details/sainsburys-light-soft-cheese-250g", "unit_price": {"price": 7.6, "measure": "kg", "measure_amount": 1}, "retail_price": {"price": 1.9, "measure": "unit"}, "is_available": true, "promotions": [], "associations": [], "is_alcoholic": false, "is_spotlight": false, "is_intolerant": false, "is_mhra": false, "badges": [], "labels": [{"label_uid": "Chilled", "text": "Chilled", "alt_text": "Chilled", "color": "#005096", "link_opens_in_new_window": false}], "zone": null, "department": null, "reviews": {"is_enabled": true, "product_uid": "7522736", "total": 101, "average_rating": 3.8812}, "breadcrumbs": [], "assets": {"plp_image": "https://assets.sainsburys-groceries.co.uk/gol/7522736/image.jpg", "images": [], "video": []}, "description": [], "important_information": ["The above details have been prepared to help you select suitable products. Products and their ingredients are liable to change.", "<strong>You should always read the label before consuming or using the product and never rely solely on the information presented here.", "If you require specific advice on any Sainsbury's branded product, please contact our Customer Careline on 0800 636262. For all other products, please contact the manufacturer, whose details will appear on the packaging or label. Sainsbury's is therefore unable to accept liability for any incorrect information.", "You should also note that the picture / images show only our serving suggestions of how to serve or prepare your food \u2013 all accessories and additional items and/or ingredients pictured with the product you are purchasing are not included.", "This information is supplied for your personal use only. It may not be reproduced in any way without the prior consent of Sainsbury's Supermarkets Ltd and due acknowledgement"], "attachments": [], "categories": [{"id": "649376", "name": "Cream cheese"}, {"id": "428902", "name": "Soft & cottage cheese"}], "attributes": {"brand": ["Sainsbury's"]}, "is_supply_chain_orderable": false, "display_icons": ["Chilled", "Vegetarian"], "pdp_deep_link": "/shop/ProductDisplay?storeId=10151&langId=44&productId=122510"}, {"product_uid": "7567509", "favourite_uid": null, "eans": ["8721800400884", "3073781011456", "3073781009699"], "product_type": "BASIC", "name": "Leerdammer Light Dutch Cheese Slices x8 160g", "image": "https://www.sainsburys.co.uk/wcsstore/ExtendedSitesCatalogAssetStore/images/catalog/productImages/84/8721800400884/8721800400884_L.jpeg", "image_zoom": null, "image_thumbnail": "https://www.sainsburys.co.uk/wcsstore/ExtendedSitesCatalogAssetStore/images/catalog/productImages/84/8721800400884/8721800400884_M.jpeg", "image_thumbnail_small": "https://www.sainsburys.co.uk/wcsstore/ExtendedSitesCatalogAssetStore/images/catalog/productImages/84/8721800400884/8721800400884_S.jpeg", "full_url": "https://www.sainsburys.co.uk/shop/gb/groceries/product/details/leerdammer-lightlife-slices-160g", "unit_price": {"price": 14.69, "measure": "kg", "measure_amount": 1}, "retail_price": {"price": 2.35, "measure": "unit"}, "is_available": true, "promotions": [], "associations": [], "is_alcoholic": false, "is_spotlight": false, "is_intolerant": false, "is_mhra": false, "badges": [], "labels": [{"label_uid": "Chilled", "text": "Chilled", "alt_text": "Chilled", "color": "#005096", "link_opens_in_new_window": false}], "zone": null, "department": null, "reviews": {"is_enabled": true, "product_uid": "7567509", "total": 75, "average_rating": 4.3333}, "breadcrumbs": [], "assets": {"plp_image": "https://assets.sainsburys-groceries.co.uk/gol/7567509/image.jpg", "images": [], "video": []}, "description": [], "important_information": ["The above details have been prepared to help you select suitable products. Products and their ingredients are liable to change.", "<strong>You should always read the label before consuming or using the product and never rely solely on the information presented here.", "If you require specific advice on any Sainsbury's branded product, please contact our Customer Careline on 0800 636262. For all other products, please contact the manufacturer, whose details will appear on the packaging or label. Sainsbury's is therefore unable to accept liability for any incorrect information.", "You should also note that the picture / images show only our serving suggestions of how to serve or prepare your food \u2013 all accessories and additional items and/or ingredients pictured with the product you are purchasing are not included.", "This information is supplied for your personal use only. It may not be reproduced in any way without the prior consent of Sainsbury's Supermarkets Ltd and due acknowledgement"], "attachments": [], "categories": [{"id": "428901", "name": "Sliced & grated cheese"}, {"id": "454372", "name": "Special offers"}], "attributes": {"brand": ["Leerdammer"]}, "is_supply_chain_orderable": false, "display_icons": ["Chilled"], "pdp_deep_link": "/shop/ProductDisplay?storeId=10151&langId=44&productId=125616"}, {"product_uid": "6024964", "favourite_uid": null, "eans": ["3073780897358"], "product_type": "BASIC", "name": "Mini Babybel Light Cheese Snacks 12x20g", "image": "https://www.sainsburys.co.uk/wcsstore/ExtendedSitesCatalogAssetStore/images/catalog/productImages/58/3073780897358/3073780897358_L.jpeg", "image_zoom": null, "image_thumbnail": "https://www.sainsburys.co.uk/wcsstore/ExtendedSitesCatalogAssetStore/images/catalog/productImages/58/3073780897358/3073780897358_M.jpeg", "image_thumbnail_small": "https://www.sainsburys.co.uk/wcsstore/ExtendedSitesCatalogAssetStore/images/catalog/productImages/58/3073780897358/3073780897358_S.jpeg", "full_url": "https://www.sainsburys.co.uk/shop/gb/groceries/product/details/babybel-light-240g-12-pack", "unit_price": {"price": 14.79, "measure": "kg", "measure_amount": 1}, "retail_price": {"price": 3.55, "measure": "unit"}, "is_available": true, "promotions": [], "associations": [], "is_alcoholic": false, "is_spotlight": false, "is_intolerant": false, "is_mhra": false, "badges": [], "labels": [{"label_uid": "Chilled", "text": "Chilled", "alt_text": "Chilled", "color": "#005096", "link_opens_in_new_window": false}], "zone": null, "department": null, "reviews": {"is_enabled": true, "product_uid": "6024964", "total": 104, "average_rating": 4.6058}, "breadcrumbs": [], "assets": {"plp_image": "https://assets.sainsburys-groceries.co.uk/gol/6024964/image.jpg", "images": [], "video": []}, "description": [], "important_information": ["The above details have been prepared to help you select suitable products. Products and their ingredients are liable to change.", "<strong>You should always read the label before consuming or using the product and never rely solely on the information presented here.", "If you require specific advice on any Sainsbury's branded product, please contact our Customer Careline on 0800 636262. For all other products, please contact the manufacturer, whose details will appear on the packaging or label. Sainsbury's is therefore unable to accept liability for any incorrect information.", "You should also note that the picture / images show only our serving suggestions of how to serve or prepare your food \u2013 all accessories and additional items and/or ingredients pictured with the product you are purchasing are not included.", "This information is supplied for your personal use only. It may not be reproduced in any way without the prior consent of Sainsbury's Supermarkets Ltd and due acknowledgement"], "attachments": [], "categories": [{"id": "649357", "name": "Lunch and snacks"}, {"id": "417429", "name": "Red Nose Day"}, {"id": "428909", "name": "Snacking & lunchbox cheese"}, {"id": "480353", "name": "Bigger packs"}, {"id": "504352", "name": "Snack time treats"}], "attributes": {"brand": ["Babybel"]}, "is_supply_chain_orderable": false, "display_icons": ["Chilled"], "pdp_deep_link": "/shop/ProductDisplay?storeId=10151&langId=44&productId=113632"}, {"product_uid": "7640853", "favourite_uid": null, "eans": ["3228020232028"], "product_type": "BASIC", "name": "President French Brie Cheese 200g", "image": "https://www.sainsburys.co.uk/wcsstore/ExtendedSitesCatalogAssetStore/images/catalog/productImages/28/3228020232028/3228020232028_L.jpeg", "image_zoom": null, "image_thumbnail": "https://www.sainsburys.co.uk/wcsstore/ExtendedSitesCatalogAssetStore/images/catalog/productImages/28/3228020232028/3228020232028_M.jpeg", "image_thumbnail_small": "https://www.sainsburys.co.uk/wcsstore/ExtendedSitesCatalogAssetStore/images/catalog/productImages/28/3228020232028/3228020232028_S.jpeg", "full_url": "https://www.sainsburys.co.uk/shop/gb/groceries/product/details/president-brie-200g", "unit_price": {"price": 14.75, "measure": "kg", "measure_amount": 1}, "retail_price": {"price": 2.95, "measure": "unit"}, "is_available": true, "promotions": [], "associations": [], "is_alcoholic": false, "is_spotlight": false, "is_intolerant": false, "is_mhra": false, "badges": [], "labels": [{"label_uid": "Chilled", "text": "Chilled", "alt_text": "Chilled", "color": "#005096", "link_opens_in_new_window": false}], "zone": null, "department": null, "reviews": {"is_enabled": true, "product_uid": "7640853", "total": 56, "average_rating": 4.3214}, "breadcrumbs": [], "assets": {"plp_image": "https://assets.sainsburys-groceries.co.uk/gol/7640853/image.jpg", "images": [], "video": []}, "description": [], "important_information": ["The above details have been prepared to help you select suitable products. Products and their ingredients are liable to change.", "<strong>You should always read the label before consuming or using the product and never rely solely on the information presented here.", "If you require specific advice on any Sainsbury's branded product, please contact our Customer Careline on 0800 636262. For all other products, please contact the manufacturer, whose details will appear on the packaging or label. Sainsbury's is therefore unable to accept liability for any incorrect information.", "You should also note that the picture / images show only our serving suggestions of how to serve or prepare your food \u2013 all accessories and additional items and/or ingredients pictured with the product you are purchasing are not included.", "This information is supplied for your personal use only. It may not be reproduced in any way without the prior consent of Sainsbury's Supermarkets Ltd and due acknowledgement"], "attachments": [], "categories": [{"id": "610863", "name": "Win with Pr\u00e9sident"}, {"id": "651360", "name": "Mediterranean food"}, {"id": "649375", "name": "Brie and camembert"}, {"id": "428905", "name": "Speciality & continental cheese"}, {"id": "460386", "name": "Perfect for cheeseboards"}, {"id": "481357", "name": "Dine in"}, {"id": "561852", "name": "Build a Cheeseboard"}], "attributes": {"brand": ["President"]}, "is_supply_chain_orderable": false, "display_icons": ["Chilled"], "pdp_deep_link": "/shop/ProductDisplay?storeId=10151&langId=44&productId=429626"}, {"product_uid": "6033327", "favourite_uid": null, "eans": ["3153126826003"], "product_type": "BASIC", "name": "Le Rustique Camembert Cheese 250g", "image": "https://www.sainsburys.co.uk/wcsstore/ExtendedSitesCatalogAssetStore/images/catalog/productImages/03/3153126826003/3153126826003_L.jpeg", "image_zoom": null, "image_thumbnail": "https://www.sainsburys.co.uk/wcsstore/ExtendedSitesCatalogAssetStore/images/catalog/productImages/03/3153126826003/3153126826003_M.jpeg", "image_thumbnail_small": "https://www.sainsburys.co.uk/wcsstore/ExtendedSitesCatalogAssetStore/images/catalog/productImages/03/3153126826003/3153126826003_S.jpeg", "full_url": "https://www.sainsburys.co.uk/shop/gb/groceries/product/details/le-rustique-camembert-250g", "unit_price": {"price": 12, "measure": "kg", "measure_amount": 1}, "retail_price": {"price": 3, "measure": "unit"}, "is_available": true, "promotions": [], "associations": [], "is_alcoholic": false, "is_spotlight": false, "is_intolerant": false, "is_mhra": false, "badges": [], "labels": [{"label_uid": "Chilled", "text": "Chilled", "alt_text": "Chilled", "color": "#005096", "link_opens_in_new_window": false}], "zone": null, "department": null, "reviews": {"is_enabled": true, "product_uid": "6033327", "total": 41, "average_rating": 4.1951}, "breadcrumbs": [], "assets": {"plp_image": "https://assets.sainsburys-groceries.co.uk/gol/6033327/image.jpg", "images": [], "video": []}, "description": [], "important_information": ["The above details have been prepared to help you select suitable products. Products and their ingredients are liable to change.", "<strong>You should always read the label before consuming or using the product and never rely solely on the information presented here.", "If you require specific advice on any Sainsbury's branded product, please contact our Customer Careline on 0800 636262. For all other products, please contact the manufacturer, whose details will appear on the packaging or label. Sainsbury's is therefore unable to accept liability for any incorrect information.", "You should also note that the picture / images show only our serving suggestions of how to serve or prepare your food \u2013 all accessories and additional items and/or ingredients pictured with the product you are purchasing are not included.", "This information is supplied for your personal use only. It may not be reproduced in any way without the prior consent of Sainsbury's Supermarkets Ltd and due acknowledgement"], "attachments": [], "categories": [{"id": "651360", "name": "Mediterranean food"}, {"id": "649375", "name": "Brie and camembert"}, {"id": "410853", "name": "Cosy night in"}, {"id": "428905", "name": "Speciality & continental cheese"}, {"id": "428991", "name": "Top rated"}, {"id": "460386", "name": "Perfect for cheeseboards"}, {"id": "481357", "name": "Dine in"}, {"id": "561852", "name": "Build a Cheeseboard"}], "attributes": {"brand": ["Le Rustique"]}, "is_supply_chain_orderable": false, "display_icons": ["Chilled"], "pdp_deep_link": "/shop/ProductDisplay?storeId=10151&langId=44&productId=113840"}, {"product_uid": "7752452", "favourite_uid": null, "eans": ["5000295148154"], "product_type": "BASIC", "name": "Cathedral City Extra Mature Cheddar Cheese 550g", "image": "https://www.sainsburys.co.uk/wcsstore/ExtendedSitesCatalogAssetStore/images/catalog/productImages/54/5000295148154/5000295148154_L.jpeg", "image_zoom": null, "image_thumbnail": "https://www.sainsburys.co.uk/wcsstore/ExtendedSitesCatalogAssetStore/images/catalog/productImages/54/5000295148154/5000295148154_M.jpeg", "image_thumbnail_small": "https://www.sainsburys.co.uk/wcsstore/ExtendedSitesCatalogAssetStore/images/catalog/productImages/54/5000295148154/5000295148154_S.jpeg", "full_url": "https://www.sainsburys.co.uk/shop/gb/groceries/product/details/cathedral-city-extra-mature-cheddar-550g-7752452-p-44", "unit_price": {"price": 9.82, "measure": "kg", "measure_amount": 1}, "retail_price": {"price": 4, "measure": "unit"}, "nectar_price": {"retail_price": 4, "unit_price": 7.27, "measure": "unit", "url": "https://www.sainsburys.co.uk/shop/gb/groceries/new---trending/nectar-prices", "category_seo_url": "gb/groceries/new---trending/nectar-prices"}, "is_available": true, "promotions": [{"promotion_uid": "10715856", "icon": "https://www.sainsburys.co.uk/wcsstore/Sainsburys/Promotion assets/Promotion icons/Buy_X_For_Y_Amt_S_Icon.gif", "link": "/gol-ui/promo-lister/10715856", "strap_line": "Save 25% with Nectar", "start_date": "2025-12-10T00:00:00Z", "end_date": "2025-12-31T00:00:00Z", "original_price": 5.4, "promo_mechanic_id": "99", "is_nectar": true, "promo_type": "SIMPLE_FIXED_PRICE", "promo_group": "simple", "is_valid_strapline": true, "discount_percentage": 25, "discount_filters": "discount_percentage=25"}], "associations": [], "is_alcoholic": false, "is_spotlight": false, "is_intolerant": false, "is_mhra": false, "badges": [], "labels": [{"label_uid": "Chilled", "text": "Chilled", "alt_text": "Chilled", "color": "#005096", "link_opens_in_new_window": false}], "zone": null, "department": null, "reviews": {"is_enabled": true, "product_uid": "7752452", "total": 37, "average_rating": 4.3514}, "breadcrumbs": [], "assets": {"plp_image": "https://assets.sainsburys-groceries.co.uk/gol/7752452/image.jpg", "images": [], "video": []}, "description": [], "important_information": ["The above details have been prepared to help you select suitable products. Products and their ingredients are liable to change.", "<strong>You should always read the label before consuming or using the product and never rely solely on the information presented here.", "If you require specific advice on any Sainsbury's branded product, please contact our Customer Careline on 0800 636262. For all other products, please contact the manufacturer, whose details will appear on the packaging or label. Sainsbury's is therefore unable to accept liability for any incorrect information.", "You should also note that the picture / images show only our serving suggestions of how to serve or prepare your food \u2013 all accessories and additional items and/or ingredients pictured with the product you are purchasing are not included.", "This information is supplied for your personal use only. It may not be reproduced in any way without the prior consent of Sainsbury's Supermarkets Ltd and due acknowledgement"], "attachments": [], "categories": [{"id": "428374", "name": "Special offers"}, {"id": "428900", "name": "Cheddar & British regional cheese"}, {"id": "428376", "name": "Special offers"}, {"id": "474592", "name": "Dairy & chilled essentials"}, {"id": "480353", "name": "Bigger packs"}, {"id": "595853", "name": "Cathedral City, Davidstow, Clover & Country Life"}, {"id": "561852", "name": "Build a Cheeseboard"}], "header": {"text": "Nectar price", "type": "NECTAR"}, "attributes": {"brand": ["Cathedral City"]}, "is_supply_chain_orderable": false, "display_icons": ["Chilled"], "pdp_deep_link": "/shop/ProductDisplay?storeId=10151&langId=44&productId=1108692"}, {"product_uid": "7646903", "favourite_uid": null, "eans": ["0000000123754"], "product_type": "BASIC", "name": "Stamford Street Co. Mature Cheddar Cheese 900g", "image": "https://www.sainsburys.co.uk/wcsstore/ExtendedSitesCatalogAssetStore/images/catalog/productImages/54/0000000123754/0000000123754_L.jpeg", "image_zoom": null, "image_thumbnail": "https://www.sainsburys.co.uk/wcsstore/ExtendedSitesCatalogAssetStore/images/catalog/productImages/54/0000000123754/0000000123754_M.jpeg", "image_thumbnail_small": "https://www.sainsburys.co.uk/wcsstore/ExtendedSitesCatalogAssetStore/images/catalog/productImages/54/0000000123754/0000000123754_S.jpeg", "full_url": "https://www.sainsburys.co.uk/shop/gb/groceries/product/details/sainsburys-basics-full-flavour-cheddar-cheese-1kg", "unit_price": {"price": 5.54, "measure": "kg", "measure_amount": 1}, "retail_price": {"price": 4.99, "measure": "unit"}, "is_available": true, "promotions": [], "associations": [], "is_alcoholic": false, "is_spotlight": false, "is_intolerant": false, "is_mhra": false, "badges": [], "labels": [{"label_uid": "Aldi Price Match", "text": "ALDI PRICE MATCH*", "alt_text": "ALDI PRICE MATCH*", "color": "#D70000", "link": "https://www.sainsburys.co.uk/gol-ui/events/aldi-price-match", "link_opens_in_new_window": false}], "zone": null, "department": null, "reviews": {"is_enabled": true, "product_uid": "7646903", "total": 272, "average_rating": 3.9081}, "breadcrumbs": [], "assets": {"plp_image": "https://assets.sainsburys-groceries.co.uk/gol/7646903/image.jpg", "images": [], "video": []}, "description": [], "important_information": ["The above details have been prepared to help you select suitable products. Products and their ingredients are liable to change.", "<strong>You should always read the label before consuming or using the product and never rely solely on the information presented here.", "If you require specific advice on any Sainsbury's branded product, please contact our Customer Careline on 0800 636262. For all other products, please contact the manufacturer, whose details will appear on the packaging or label. Sainsbury's is therefore unable to accept liability for any incorrect information.", "You should also note that the picture / images show only our serving suggestions of how to serve or prepare your food \u2013 all accessories and additional items and/or ingredients pictured with the product you are purchasing are not included.", "This information is supplied for your personal use only. It may not be reproduced in any way without the prior consent of Sainsbury's Supermarkets Ltd and due acknowledgement"], "attachments": [], "categories": [{"id": "607852", "name": "Stamford Street Co."}, {"id": "607854", "name": "Aldi Price Match"}, {"id": "428900", "name": "Cheddar & British regional cheese"}, {"id": "463861", "name": "Price Lock"}, {"id": "474592", "name": "Dairy & chilled essentials"}, {"id": "480353", "name": "Bigger packs"}, {"id": "502859", "name": "Aldi Price Match"}, {"id": "581853", "name": "Stamford Street Co."}, {"id": "570356", "name": "Our best value own brands"}], "attributes": {"brand": ["Stamford Street Co."]}, "is_supply_chain_orderable": false, "display_icons": ["Aldi Price Match"], "pdp_deep_link": "/shop/ProductDisplay?storeId=10151&langId=44&productId=1269108"}, {"product_uid": "7706929", "favourite_uid": null, "eans": ["5000246726011"], "product_type": "BASIC", "name": "Arla Lactofree Mature Cheddar Cheese 200g", "image": "https://www.sainsburys.co.uk/wcsstore/ExtendedSitesCatalogAssetStore/images/catalog/productImages/11/5000246726011/5000246726011_L.jpeg", "image_zoom": null, "image_thumbnail": "https://www.sainsburys.co.uk/wcsstore/ExtendedSitesCatalogAssetStore/images/catalog/productImages/11/5000246726011/5000246726011_M.jpeg", "image_thumbnail_small": "https://www.sainsburys.co.uk/wcsstore/ExtendedSitesCatalogAssetStore/images/catalog/productImages/11/5000246726011/5000246726011_S.jpeg", "full_url": "https://www.sainsburys.co.uk/shop/gb/groceries/product/details/lactofree-mature-cheddar-200g", "unit_price": {"price": 12.5, "measure": "kg", "measure_amount": 1}, "retail_price": {"price": 2.5, "measure": "unit"}, "is_available": true, "promotions": [], "associations": [], "is_alcoholic": false, "is_spotlight": false, "is_intolerant": false, "is_mhra": false, "badges": [], "labels": [{"label_uid": "Chilled", "text": "Chilled", "alt_text": "Chilled", "color": "#005096", "link_opens_in_new_window": false}], "zone": null, "department": null, "reviews": {"is_enabled": true, "product_uid": "7706929", "total": 63, "average_rating": 4.5556}, "breadcrumbs": [], "assets": {"plp_image": "https://assets.sainsburys-groceries.co.uk/gol/7706929/image.jpg", "images": [], "video": []}, "description": [], "important_information": ["The above details have been prepared to help you select suitable products. Products and their ingredients are liable to change.", "<strong>You should always read the label before consuming or using the product and never rely solely on the information presented here.", "If you require specific advice on any Sainsbury's branded product, please contact our Customer Careline on 0800 636262. For all other products, please contact the manufacturer, whose details will appear on the packaging or label. Sainsbury's is therefore unable to accept liability for any incorrect information.", "You should also note that the picture / images show only our serving suggestions of how to serve or prepare your food \u2013 all accessories and additional items and/or ingredients pictured with the product you are purchasing are not included.", "This information is supplied for your personal use only. It may not be reproduced in any way without the prior consent of Sainsbury's Supermarkets Ltd and due acknowledgement"], "attachments": [], "categories": [{"id": "634861", "name": "Arla LactoFREE"}, {"id": "607874", "name": "Buns, toppings & sauces"}, {"id": "428900", "name": "Cheddar & British regional cheese"}, {"id": "431864", "name": "Summer is coming"}, {"id": "428946", "name": "Lactose free"}, {"id": "453883", "name": "Lactose free"}, {"id": "474592", "name": "Dairy & chilled essentials"}], "attributes": {"brand": ["Lactofree"]}, "is_supply_chain_orderable": false, "display_icons": ["Chilled"], "pdp_deep_link": "/shop/ProductDisplay?storeId=10151&langId=44&productId=657896"}, {"product_uid": "8115439", "favourite_uid": null, "eans": ["7622201695521"], "product_type": "BASIC", "name": "Philadelphia Original Soft Cream Cheese 280g", "image": "https://www.sainsburys.co.uk/wcsstore/ExtendedSitesCatalogAssetStore/images/catalog/productImages/21/7622201695521/7622201695521_L.jpeg", "image_zoom": null, "image_thumbnail": "https://www.sainsburys.co.uk/wcsstore/ExtendedSitesCatalogAssetStore/images/catalog/productImages/21/7622201695521/7622201695521_M.jpeg", "image_thumbnail_small": "https://www.sainsburys.co.uk/wcsstore/ExtendedSitesCatalogAssetStore/images/catalog/productImages/21/7622201695521/7622201695521_S.jpeg", "full_url": "https://www.sainsburys.co.uk/shop/gb/groceries/product/details/philadelphia-original-soft-cheese-280g", "unit_price": {"price": 11.61, "measure": "kg", "measure_amount": 1}, "retail_price": {"price": 3.25, "measure": "unit"}, "is_available": true, "promotions": [], "associations": [], "is_alcoholic": false, "is_spotlight": false, "is_intolerant": false, "is_mhra": false, "badges": [], "labels": [], "zone": null, "department": null, "reviews": {"is_enabled": true, "product_uid": "8115439", "total": 88, "average_rating": 4.6818}, "breadcrumbs": [], "assets": {"plp_image": "https://assets.sainsburys-groceries.co.uk/gol/8115439/image.jpg", "images": [], "video": []}, "description": [], "important_information": ["The above details have been prepared to help you select suitable products. Products and their ingredients are liable to change.", "<strong>You should always read the label before consuming or using the product and never rely solely on the information presented here.", "If you require specific advice on any Sainsbury's branded product, please contact our Customer Careline on 0800 636262. For all other products, please contact the manufacturer, whose details will appear on the packaging or label. Sainsbury's is therefore unable to accept liability for any incorrect information.", "You should also note that the picture / images show only our serving suggestions of how to serve or prepare your food \u2013 all accessories and additional items and/or ingredients pictured with the product you are purchasing are not included.", "This information is supplied for your personal use only. It may not be reproduced in any way without the prior consent of Sainsbury's Supermarkets Ltd and due acknowledgement"], "attachments": [], "categories": [{"id": "637390", "name": "Savoury snacks"}, {"id": "637395", "name": "Afternoon Tea"}, {"id": "616361", "name": "Win a VIP Brunch"}, {"id": "637380", "name": "Continental"}, {"id": "356367", "name": "Breakfast in bed"}, {"id": "356369", "name": "Afternoon Tea"}, {"id": "424861", "name": "Special offers"}, {"id": "428899", "name": "All cheese"}, {"id": "428902", "name": "Soft & cottage cheese"}, {"id": "461871", "name": "Vegetarian & plant based"}, {"id": "570358", "name": "New Year New You"}, {"id": "570363", "name": "Win with Philadelphia"}], "attributes": {"brand": ["Philadelphia"]}, "is_supply_chain_orderable": false, "display_icons": [], "pdp_deep_link": "/shop/ProductDisplay?storeId=10151&langId=44&productId=1444956"}, {"product_uid": "1132724", "favourite_uid": null, "eans": ["0000001132724"], "product_type": "BASIC", "name": "Sainsbury's Wensleydale Cheese with Cranberries 200g", "image": "https://www.sainsburys.co.uk/wcsstore/ExtendedSitesCatalogAssetStore/images/catalog/productImages/24/0000001132724/0000001132724_L.jpeg", "image_zoom": null, "image_thumbnail": "https://www.sainsburys.co.uk/wcsstore/ExtendedSitesCatalogAssetStore/images/catalog/productImages/24/0000001132724/0000001132724_M.jpeg", "image_thumbnail_small": "https://www.sainsburys.co.uk/wcsstore/ExtendedSitesCatalogAssetStore/images/catalog/productImages/24/0000001132724/0000001132724_S.jpeg", "full_url": "https://www.sainsburys.co.uk/shop/gb/groceries/product/details/sainsburys-wensleydale-with-cranberries-200g", "unit_price": {"price": 14, "measure": "kg", "measure_amount": 1}, "retail_price": {"price": 2.5, "measure": "unit"}, "nectar_price": {"retail_price": 2.5, "unit_price": 12.5, "measure": "unit", "url": "https://www.sainsburys.co.uk/shop/gb/groceries/new---trending/nectar-prices", "category_seo_url": "gb/groceries/new---trending/nectar-prices"}, "is_available": true, "promotions": [{"promotion_uid": "10715864", "icon": "https://www.sainsburys.co.uk/wcsstore/Sainsburys/Promotion assets/Promotion icons/Buy_X_For_Y_Amt_S_Icon.gif", "link": "/gol-ui/promo-lister/10715864", "strap_line": "Buy 1 for 2.5", "start_date": "2025-12-10T00:00:00Z", "end_date": "2025-12-31T00:00:00Z", "original_price": 2.8, "promo_mechanic_id": "99", "is_nectar": true, "promo_type": "SIMPLE_FIXED_PRICE", "promo_group": "simple"}], "associations": [], "is_alcoholic": false, "is_spotlight": false, "is_intolerant": false, "is_mhra": false, "badges": [], "labels": [{"label_uid": "British", "text": "BRITISH", "alt_text": "BRITISH", "color": "#4c4c4c", "link_opens_in_new_window": false}], "zone": null, "department": null, "reviews": {"is_enabled": true, "product_uid": "1132724", "total": 166, "average_rating": 4.8614}, "breadcrumbs": [], "assets": {"plp_image": "https://assets.sainsburys-groceries.co.uk/gol/1132724/image.jpg", "images": [], "video": []}, "description": [], "important_information": ["The above details have been prepared to help you select suitable products. Products and their ingredients are liable to change.", "<strong>You should always read the label before consuming or using the product and never rely solely on the information presented here.", "If you require specific advice on any Sainsbury's branded product, please contact our Customer Careline on 0800 636262. For all other products, please contact the manufacturer, whose details will appear on the packaging or label. Sainsbury's is therefore unable to accept liability for any incorrect information.", "You should also note that the picture / images show only our serving suggestions of how to serve or prepare your food \u2013 all accessories and additional items and/or ingredients pictured with the product you are purchasing are not included.", "This information is supplied for your personal use only. It may not be reproduced in any way without the prior consent of Sainsbury's Supermarkets Ltd and due acknowledgement"], "attachments": [], "categories": [{"id": "641353", "name": "Best of British"}, {"id": "604354", "name": "Best of British"}, {"id": "649380", "name": "Regional cheese"}, {"id": "410358", "name": "Special offers"}, {"id": "460386", "name": "Perfect for cheeseboards"}, {"id": "481357", "name": "Dine in"}, {"id": "561852", "name": "Build a Cheeseboard"}], "header": {"text": "Nectar price", "type": "NECTAR"}, "attributes": {"brand": ["Sainsbury's"]}, "is_supply_chain_orderable": false, "display_icons": ["British"], "pdp_deep_link": "/shop/ProductDisplay?storeId=10151&langId=44&productId=109464"}, {"product_uid": "6032649", "favourite_uid": null, "eans": ["0000001099126"], "product_type": "BASIC", "name": "Sainsbury's Grated Mozzarella Cheese 500g", "image": "https://www.sainsburys.co.uk/wcsstore/ExtendedSitesCatalogAssetStore/images/catalog/productImages/26/0000001099126/0000001099126_L.jpeg", "image_zoom": null, "image_thumbnail": "https://www.sainsburys.co.uk/wcsstore/ExtendedSitesCatalogAssetStore/images/catalog/productImages/26/0000001099126/0000001099126_M.jpeg", "image_thumbnail_small": "https://www.sainsburys.co.uk/wcsstore/ExtendedSitesCatalogAssetStore/images/catalog/productImages/26/0000001099126/0000001099126_S.jpeg", "full_url": "https://www.sainsburys.co.uk/shop/gb/groceries/product/details/sainsburys-grated-mozzarella-500g", "unit_price": {"price": 9.2, "measure": "kg", "measure_amount": 1}, "retail_price": {"price": 4.6, "measure": "unit"}, "is_available": true, "promotions": [], "associations": [], "is_alcoholic": false, "is_spotlight": false, "is_intolerant": false, "is_mhra": false, "badges": [], "labels": [{"label_uid": "Chilled", "text": "Chilled", "alt_text": "Chilled", "color": "#005096", "link_opens_in_new_window": false}], "zone": null, "department": null, "reviews": {"is_enabled": true, "product_uid": "6032649", "total": 237, "average_rating": 4.6118}, "breadcrumbs": [], "assets": {"plp_image": "https://assets.sainsburys-groceries.co.uk/gol/6032649/image.jpg", "images": [], "video": []}, "description": [], "important_information": ["The above details have been prepared to help you select suitable products. Products and their ingredients are liable to change.", "<strong>You should always read the label before consuming or using the product and never rely solely on the information presented here.", "If you require specific advice on any Sainsbury's branded product, please contact our Customer Careline on 0800 636262. For all other products, please contact the manufacturer, whose details will appear on the packaging or label. Sainsbury's is therefore unable to accept liability for any incorrect information.", "You should also note that the picture / images show only our serving suggestions of how to serve or prepare your food \u2013 all accessories and additional items and/or ingredients pictured with the product you are purchasing are not included.", "This information is supplied for your personal use only. It may not be reproduced in any way without the prior consent of Sainsbury's Supermarkets Ltd and due acknowledgement"], "attachments": [], "categories": [{"id": "651360", "name": "Mediterranean food"}, {"id": "428905", "name": "Speciality & continental cheese"}, {"id": "428901", "name": "Sliced & grated cheese"}], "attributes": {"brand": ["Sainsbury's"]}, "is_supply_chain_orderable": false, "display_icons": ["Chilled"], "pdp_deep_link": "/shop/ProductDisplay?storeId=10151&langId=44&productId=113830"}, {"product_uid": "6289037", "favourite_uid": null, "eans": ["0000001151886"], "product_type": "BASIC", "name": "Sainsbury's Abergavenny Goats Cheese 125g", "image": "https://www.sainsburys.co.uk/wcsstore/ExtendedSitesCatalogAssetStore/images/catalog/productImages/86/0000001151886/0000001151886_L.jpeg", "image_zoom": null, "image_thumbnail": "https://www.sainsburys.co.uk/wcsstore/ExtendedSitesCatalogAssetStore/images/catalog/productImages/86/0000001151886/0000001151886_M.jpeg", "image_thumbnail_small": "https://www.sainsburys.co.uk/wcsstore/ExtendedSitesCatalogAssetStore/images/catalog/productImages/86/0000001151886/0000001151886_S.jpeg", "full_url": "https://www.sainsburys.co.uk/shop/gb/groceries/product/details/sainsburys-abergavenny-goats-cheese-125g", "unit_price": {"price": 20, "measure": "kg", "measure_amount": 1}, "retail_price": {"price": 2.5, "measure": "unit"}, "is_available": true, "promotions": [], "associations": [], "is_alcoholic": false, "is_spotlight": false, "is_intolerant": false, "is_mhra": false, "badges": [], "labels": [{"label_uid": "British", "text": "BRITISH", "alt_text": "BRITISH", "color": "#4c4c4c", "link_opens_in_new_window": false}, {"label_uid": "Chilled", "text": "Chilled", "alt_text": "Chilled", "color": "#005096", "link_opens_in_new_window": false}], "zone": null, "department": null, "reviews": {"is_enabled": true, "product_uid": "6289037", "total": 94, "average_rating": 4.6702}, "breadcrumbs": [], "assets": {"plp_image": "https://assets.sainsburys-groceries.co.uk/gol/6289037/image.jpg", "images": [], "video": []}, "description": [], "important_information": ["The above details have been prepared to help you select suitable products. Products and their ingredients are liable to change.", "<strong>You should always read the label before consuming or using the product and never rely solely on the information presented here.", "If you require specific advice on any Sainsbury's branded product, please contact our Customer Careline on 0800 636262. For all other products, please contact the manufacturer, whose details will appear on the packaging or label. Sainsbury's is therefore unable to accept liability for any incorrect information.", "You should also note that the picture / images show only our serving suggestions of how to serve or prepare your food \u2013 all accessories and additional items and/or ingredients pictured with the product you are purchasing are not included.", "This information is supplied for your personal use only. It may not be reproduced in any way without the prior consent of Sainsbury's Supermarkets Ltd and due acknowledgement"], "attachments": [], "categories": [{"id": "641353", "name": "Best of British"}, {"id": "607890", "name": "Sides"}, {"id": "604354", "name": "Best of British"}, {"id": "649380", "name": "Regional cheese"}, {"id": "641355", "name": "The Salad Hub"}, {"id": "394355", "name": "Build a salad"}, {"id": "428991", "name": "Top rated"}, {"id": "460386", "name": "Perfect for cheeseboards"}, {"id": "561852", "name": "Build a Cheeseboard"}], "attributes": {"brand": ["Sainsbury's"]}, "is_supply_chain_orderable": false, "display_icons": ["British", "Chilled"], "pdp_deep_link": "/shop/ProductDisplay?storeId=10151&langId=44&productId=114158"}, {"product_uid": "6479588", "favourite_uid": null, "eans": ["0000001458121"], "product_type": "BASIC", "name": "Stamford Street Co. Greek Style Salad Cheese 200g", "image": "https://www.sainsburys.co.uk/wcsstore/ExtendedSitesCatalogAssetStore/images/catalog/productImages/21/0000001458121/0000001458121_L.jpeg", "image_zoom": null, "image_thumbnail": "https://www.sainsburys.co.uk/wcsstore/ExtendedSitesCatalogAssetStore/images/catalog/productImages/21/0000001458121/0000001458121_M.jpeg", "image_thumbnail_small": "https://www.sainsburys.co.uk/wcsstore/ExtendedSitesCatalogAssetStore/images/catalog/productImages/21/0000001458121/0000001458121_S.jpeg", "full_url": "https://www.sainsburys.co.uk/shop/gb/groceries/product/details/sainsburys-greek-style-salad-cheese--basics-200g", "unit_price": {"price": 4.25, "measure": "kg", "measure_amount": 1}, "retail_price": {"price": 0.85, "measure": "unit"}, "is_available": true, "promotions": [], "associations": [], "is_alcoholic": false, "is_spotlight": false, "is_intolerant": false, "is_mhra": false, "badges": [], "labels": [{"label_uid": "Aldi Price Match", "text": "ALDI PRICE MATCH*", "alt_text": "ALDI PRICE MATCH*", "color": "#D70000", "link": "https://www.sainsburys.co.uk/gol-ui/events/aldi-price-match", "link_opens_in_new_window": false}, {"label_uid": "Chilled", "text": "Chilled", "alt_text": "Chilled", "color": "#005096", "link_opens_in_new_window": false}], "zone": null, "department": null, "reviews": {"is_enabled": true, "product_uid": "6479588", "total": 19, "average_rating": 4.3158}, "breadcrumbs": [], "assets": {"plp_image": "https://assets.sainsburys-groceries.co.uk/gol/6479588/image.jpg", "images": [], "video": []}, "description": [], "important_information": ["The above details have been prepared to help you select suitable products. Products and their ingredients are liable to change.", "<strong>You should always read the label before consuming or using the product and never rely solely on the information presented here.", "If you require specific advice on any Sainsbury's branded product, please contact our Customer Careline on 0800 636262. For all other products, please contact the manufacturer, whose details will appear on the packaging or label. Sainsbury's is therefore unable to accept liability for any incorrect information.", "You should also note that the picture / images show only our serving suggestions of how to serve or prepare your food \u2013 all accessories and additional items and/or ingredients pictured with the product you are purchasing are not included.", "This information is supplied for your personal use only. It may not be reproduced in any way without the prior consent of Sainsbury's Supermarkets Ltd and due acknowledgement"], "attachments": [], "categories": [{"id": "607852", "name": "Stamford Street Co."}, {"id": "607854", "name": "Aldi Price Match"}, {"id": "607890", "name": "Sides"}, {"id": "651360", "name": "Mediterranean food"}, {"id": "641355", "name": "The Salad Hub"}, {"id": "428905", "name": "Speciality & continental cheese"}, {"id": "502859", "name": "Aldi Price Match"}, {"id": "570356", "name": "Our best value own brands"}, {"id": "581853", "name": "Stamford Street Co."}], "attributes": {"brand": ["Stamford Street Co."]}, "is_supply_chain_orderable": false, "display_icons": ["Aldi Price Match", "Chilled"], "pdp_deep_link": "/shop/ProductDisplay?storeId=10151&langId=44&productId=21506"}, {"product_uid": "7281043", "favourite_uid": null, "eans": ["0000001729580"], "product_type": "BASIC", "name": "Sainsbury's Emmental Cheese Slices 250g", "image": "https://www.sainsburys.co.uk/wcsstore/ExtendedSitesCatalogAssetStore/images/catalog/productImages/80/0000001729580/0000001729580_L.jpeg", "image_zoom": null, "image_thumbnail": "https://www.sainsburys.co.uk/wcsstore/ExtendedSitesCatalogAssetStore/images/catalog/productImages/80/0000001729580/0000001729580_M.jpeg", "image_thumbnail_small": "https://www.sainsburys.co.uk/wcsstore/ExtendedSitesCatalogAssetStore/images/catalog/productImages/80/0000001729580/0000001729580_S.jpeg", "full_url": "https://www.sainsburys.co.uk/shop/gb/groceries/product/details/sainsburys-emmental-slices-250g", "unit_price": {"price": 10.6, "measure": "kg", "measure_amount": 1}, "retail_price": {"price": 2.65, "measure": "unit"}, "is_available": true, "promotions": [], "associations": [], "is_alcoholic": false, "is_spotlight": false, "is_intolerant": false, "is_mhra": false, "badges": [], "labels": [{"label_uid": "Chilled", "text": "Chilled", "alt_text": "Chilled", "color": "#005096", "link_opens_in_new_window": false}], "zone": null, "department": null, "reviews": {"is_enabled": true, "product_uid": "7281043", "total": 57, "average_rating": 4.3684}, "breadcrumbs": [], "assets": {"plp_image": "https://assets.sainsburys-groceries.co.uk/gol/7281043/image.jpg", "images": [], "video": []}, "description": [], "important_information": ["The above details have been prepared to help you select suitable products. Products and their ingredients are liable to change.", "<strong>You should always read the label before consuming or using the product and never rely solely on the information presented here.", "If you require specific advice on any Sainsbury's branded product, please contact our Customer Careline on 0800 636262. For all other products, please contact the manufacturer, whose details will appear on the packaging or label. Sainsbury's is therefore unable to accept liability for any incorrect information.", "You should also note that the picture / images show only our serving suggestions of how to serve or prepare your food \u2013 all accessories and additional items and/or ingredients pictured with the product you are purchasing are not included.", "This information is supplied for your personal use only. It may not be reproduced in any way without the prior consent of Sainsbury's Supermarkets Ltd and due acknowledgement"], "attachments": [], "categories": [{"id": "428901", "name": "Sliced & grated cheese"}], "attributes": {"brand": ["Sainsbury's"]}, "is_supply_chain_orderable": false, "display_icons": ["Chilled"], "pdp_deep_link": "/shop/ProductDisplay?storeId=10151&langId=44&productId=119276"}, {"product_uid": "7906340", "favourite_uid": null, "eans": ["0000000316248"], "product_type": "BASIC", "name": "Sainsbury's Barber's Mature Cruncher Cheese, Taste the Difference 350g", "image": "https://www.sainsburys.co.uk/wcsstore/ExtendedSitesCatalogAssetStore/images/catalog/productImages/48/0000000316248/0000000316248_L.jpeg", "image_zoom": null, "image_thumbnail": "https://www.sainsburys.co.uk/wcsstore/ExtendedSitesCatalogAssetStore/images/catalog/productImages/48/0000000316248/0000000316248_M.jpeg", "image_thumbnail_small": "https://www.sainsburys.co.uk/wcsstore/ExtendedSitesCatalogAssetStore/images/catalog/productImages/48/0000000316248/0000000316248_S.jpeg", "full_url": "https://www.sainsburys.co.uk/shop/gb/groceries/product/details/sainsburys-barbers-mature-cruncher-cheese-taste-the-difference-350g", "unit_price": {"price": 11.43, "measure": "kg", "measure_amount": 1}, "retail_price": {"price": 2.66, "measure": "unit"}, "nectar_price": {"retail_price": 2.66, "unit_price": 7.6, "measure": "unit", "url": "https://www.sainsburys.co.uk/shop/gb/groceries/new---trending/nectar-prices", "category_seo_url": "gb/groceries/new---trending/nectar-prices"}, "is_available": true, "promotions": [{"promotion_uid": "10714082", "icon": "https://www.sainsburys.co.uk/wcsstore/Sainsburys/Promotion assets/Promotion icons/Buy_X_For_Y_Amt_S_Icon.gif", "link": "/gol-ui/promo-lister/10714082", "strap_line": "Save 1/3 with Nectar", "start_date": "2025-12-10T00:00:00Z", "end_date": "2025-12-31T00:00:00Z", "original_price": 4, "promo_mechanic_id": "99", "is_nectar": true, "promo_type": "SIMPLE_FIXED_PRICE", "promo_group": "simple", "is_valid_strapline": true, "discount_percentage": 33, "discount_filters": "discount_percentage=33"}], "associations": [], "is_alcoholic": false, "is_spotlight": false, "is_intolerant": false, "is_mhra": false, "badges": [], "labels": [{"label_uid": "British", "text": "BRITISH", "alt_text": "BRITISH", "color": "#4c4c4c", "link_opens_in_new_window": false}], "zone": null, "department": null, "reviews": {"is_enabled": true, "product_uid": "7906340", "total": 182, "average_rating": 4.4396}, "breadcrumbs": [], "assets": {"plp_image": "https://assets.sainsburys-groceries.co.uk/gol/7906340/image.jpg", "images": [], "video": []}, "description": [], "important_information": ["The above details have been prepared to help you select suitable products. Products and their ingredients are liable to change.", "<strong>You should always read the label before consuming or using the product and never rely solely on the information presented here.", "If you require specific advice on any Sainsbury's branded product, please contact our Customer Careline on 0800 636262. For all other products, please contact the manufacturer, whose details will appear on the packaging or label. Sainsbury's is therefore unable to accept liability for any incorrect information.", "You should also note that the picture / images show only our serving suggestions of how to serve or prepare your food \u2013 all accessories and additional items and/or ingredients pictured with the product you are purchasing are not included.", "This information is supplied for your personal use only. It may not be reproduced in any way without the prior consent of Sainsbury's Supermarkets Ltd and due acknowledgement"], "attachments": [], "categories": [{"id": "641353", "name": "Best of British"}, {"id": "604354", "name": "Best of British"}, {"id": "410358", "name": "Special offers"}, {"id": "410368", "name": "Special offers"}, {"id": "428374", "name": "Special offers"}, {"id": "428900", "name": "Cheddar & British regional cheese"}, {"id": "428376", "name": "Special offers"}, {"id": "456856", "name": "Special offers"}, {"id": "460386", "name": "Perfect for cheeseboards"}, {"id": "481357", "name": "Dine in"}, {"id": "561852", "name": "Build a Cheeseboard"}], "header": {"text": "Nectar price", "type": "NECTAR"}, "attributes": {"brand": ["Taste the Difference", "Sainsbury's"]}, "is_supply_chain_orderable": false, "display_icons": ["British"], "pdp_deep_link": "/shop/ProductDisplay?storeId=10151&langId=44&productId=1201804"}, {"product_uid": "7079990", "favourite_uid": null, "eans": ["0000001673791"], "product_type": "BASIC", "name": "Sainsbury's Somerset Brie Cheese 160g", "image": "https://www.sainsburys.co.uk/wcsstore/ExtendedSitesCatalogAssetStore/images/catalog/productImages/91/0000001673791/0000001673791_L.jpeg", "image_zoom": null, "image_thumbnail": "https://www.sainsburys.co.uk/wcsstore/ExtendedSitesCatalogAssetStore/images/catalog/productImages/91/0000001673791/0000001673791_M.jpeg", "image_thumbnail_small": "https://www.sainsburys.co.uk/wcsstore/ExtendedSitesCatalogAssetStore/images/catalog/productImages/91/0000001673791/0000001673791_S.jpeg", "full_url": "https://www.sainsburys.co.uk/shop/gb/groceries/product/details/sainsburys-somerset-brie-160g", "unit_price": {"price": 14.06, "measure": "kg", "measure_amount": 1}, "retail_price": {"price": 2.25, "measure": "unit"}, "is_available": true, "promotions": [], "associations": [], "is_alcoholic": false, "is_spotlight": false, "is_intolerant": false, "is_mhra": false, "badges": [], "labels": [{"label_uid": "British", "text": "BRITISH", "alt_text": "BRITISH", "color": "#4c4c4c", "link_opens_in_new_window": false}], "zone": null, "department": null, "reviews": {"is_enabled": true, "product_uid": "7079990", "total": 196, "average_rating": 4.602}, "breadcrumbs": [], "assets": {"plp_image": "https://assets.sainsburys-groceries.co.uk/gol/7079990/image.jpg", "images": [], "video": []}, "description": [], "important_information": ["The above details have been prepared to help you select suitable products. Products and their ingredients are liable to change.", "<strong>You should always read the label before consuming or using the product and never rely solely on the information presented here.", "If you require specific advice on any Sainsbury's branded product, please contact our Customer Careline on 0800 636262. For all other products, please contact the manufacturer, whose details will appear on the packaging or label. Sainsbury's is therefore unable to accept liability for any incorrect information.", "You should also note that the picture / images show only our serving suggestions of how to serve or prepare your food \u2013 all accessories and additional items and/or ingredients pictured with the product you are purchasing are not included.", "This information is supplied for your personal use only. It may not be reproduced in any way without the prior consent of Sainsbury's Supermarkets Ltd and due acknowledgement"], "attachments": [], "categories": [{"id": "641353", "name": "Best of British"}, {"id": "604354", "name": "Best of British"}, {"id": "649380", "name": "Regional cheese"}, {"id": "649375", "name": "Brie and camembert"}, {"id": "394355", "name": "Build a salad"}, {"id": "410358", "name": "Special offers"}, {"id": "460386", "name": "Perfect for cheeseboards"}, {"id": "481357", "name": "Dine in"}, {"id": "561852", "name": "Build a Cheeseboard"}], "attributes": {"brand": ["Sainsbury's"]}, "is_supply_chain_orderable": false, "display_icons": ["British"], "pdp_deep_link": "/shop/ProductDisplay?storeId=10151&langId=44&productId=118090"}, {"product_uid": "7802830", "favourite_uid": null, "eans": ["0000000242370", "0000000458023"], "product_type": "BASIC", "name": "Sainsbury's Vintage Cheddar Macaroni Cheese Ready Meal For 1, Taste the Difference 375g", "image": "https://www.sainsburys.co.uk/wcsstore/ExtendedSitesCatalogAssetStore/images/catalog/productImages/23/0000000458023/0000000458023_L.jpeg", "image_zoom": null, "image_thumbnail": "https://www.sainsburys.co.uk/wcsstore/ExtendedSitesCatalogAssetStore/images/catalog/productImages/23/0000000458023/0000000458023_M.jpeg", "image_thumbnail_small": "https://www.sainsburys.co.uk/wcsstore/ExtendedSitesCatalogAssetStore/images/catalog/productImages/23/0000000458023/0000000458023_S.jpeg", "full_url": "https://www.sainsburys.co.uk/shop/gb/groceries/product/details/sainsburys-vintage-cheddar-mac-cheese-taste-the-difference-375g-serves-1-", "unit_price": {"price": 12.93, "measure": "kg", "measure_amount": 1}, "retail_price": {"price": 4.85, "measure": "unit"}, "is_available": true, "promotions": [], "associations": [], "is_alcoholic": false, "is_spotlight": false, "is_intolerant": false, "is_mhra": false, "badges": [], "labels": [{"label_uid": "Chilled", "text": "Chilled", "alt_text": "Chilled", "color": "#005096", "link_opens_in_new_window": false}], "zone": null, "department": null, "reviews": {"is_enabled": true, "product_uid": "7802830", "total": 373, "average_rating": 4.5791}, "breadcrumbs": [], "assets": {"plp_image": "https://assets.sainsburys-groceries.co.uk/gol/7802830/image.jpg", "images": [], "video": []}, "description": [], "important_information": ["The above details have been prepared to help you select suitable products. Products and their ingredients are liable to change.", "<strong>You should always read the label before consuming or using the product and never rely solely on the information presented here.", "If you require specific advice on any Sainsbury's branded product, please contact our Customer Careline on 0800 636262. For all other products, please contact the manufacturer, whose details will appear on the packaging or label. Sainsbury's is therefore unable to accept liability for any incorrect information.", "You should also note that the picture / images show only our serving suggestions of how to serve or prepare your food \u2013 all accessories and additional items and/or ingredients pictured with the product you are purchasing are not included.", "This information is supplied for your personal use only. It may not be reproduced in any way without the prior consent of Sainsbury's Supermarkets Ltd and due acknowledgement"], "attachments": [], "categories": [{"id": "646372", "name": "Father's Day feast"}, {"id": "646373", "name": "Premium meat"}, {"id": "646375", "name": "Special offers"}, {"id": "276286", "name": "Special offers"}, {"id": "410380", "name": "Special offers"}, {"id": "428916", "name": "Ready meals for one"}, {"id": "428911", "name": "Italian ready meals"}, {"id": "428915", "name": "Mexican & American ready meals"}, {"id": "428931", "name": "Vegetarian ready meals"}, {"id": "494373", "name": "Meals for tonight"}], "attributes": {"brand": ["Taste the Difference", "Sainsbury's"]}, "is_supply_chain_orderable": false, "display_icons": ["Chilled"], "pdp_deep_link": "/shop/ProductDisplay?storeId=10151&langId=44&productId=1033756"}, {"product_uid": "7280943", "favourite_uid": null, "eans": ["0000001730173"], "product_type": "BASIC", "name": "Sainsbury's Grana Padano Cheese 200g", "image": "https://www.sainsburys.co.uk/wcsstore/ExtendedSitesCatalogAssetStore/images/catalog/productImages/73/0000001730173/0000001730173_L.jpeg", "image_zoom": null, "image_thumbnail": "https://www.sainsburys.co.uk/wcsstore/ExtendedSitesCatalogAssetStore/images/catalog/productImages/73/0000001730173/0000001730173_M.jpeg", "image_thumbnail_small": "https://www.sainsburys.co.uk/wcsstore/ExtendedSitesCatalogAssetStore/images/catalog/productImages/73/0000001730173/0000001730173_S.jpeg", "full_url": "https://www.sainsburys.co.uk/shop/gb/groceries/product/details/sainsburys-grana-padano-cheese-200g", "unit_price": {"price": 16.5, "measure": "kg", "measure_amount": 1}, "retail_price": {"price": 3.3, "measure": "unit"}, "is_available": true, "promotions": [], "associations": [], "is_alcoholic": false, "is_spotlight": false, "is_intolerant": false, "is_mhra": false, "badges": [], "labels": [{"label_uid": "Chilled", "text": "Chilled", "alt_text": "Chilled", "color": "#005096", "link_opens_in_new_window": false}], "zone": null, "department": null, "reviews": {"is_enabled": true, "product_uid": "7280943", "total": 17, "average_rating": 4.4706}, "breadcrumbs": [], "assets": {"plp_image": "https://assets.sainsburys-groceries.co.uk/gol/7280943/image.jpg", "images": [], "video": []}, "description": [], "important_information": ["The above details have been prepared to help you select suitable products. Products and their ingredients are liable to change.", "<strong>You should always read the label before consuming or using the product and never rely solely on the information presented here.", "If you require specific advice on any Sainsbury's branded product, please contact our Customer Careline on 0800 636262. For all other products, please contact the manufacturer, whose details will appear on the packaging or label. Sainsbury's is therefore unable to accept liability for any incorrect information.", "You should also note that the picture / images show only our serving suggestions of how to serve or prepare your food \u2013 all accessories and additional items and/or ingredients pictured with the product you are purchasing are not included.", "This information is supplied for your personal use only. It may not be reproduced in any way without the prior consent of Sainsbury's Supermarkets Ltd and due acknowledgement"], "attachments": [], "categories": [{"id": "651360", "name": "Mediterranean food"}, {"id": "428905", "name": "Speciality & continental cheese"}, {"id": "463861", "name": "Price Lock"}], "is_supply_chain_orderable": false, "display_icons": ["Chilled"], "pdp_deep_link": "/shop/ProductDisplay?storeId=10151&langId=44&productId=28412"}, {"product_uid": "6597946", "favourite_uid": null, "eans": ["3614070097876", "3560070512508", "3175218600148", "3614070059355"], "product_type": "BASIC", "name": "Chavroux La Buche Goats Cheese 150g", "image": "https://www.sainsburys.co.uk/wcsstore/ExtendedSitesCatalogAssetStore/images/catalog/productImages/76/3614070097876/3614070097876_L.jpeg", "image_zoom": null, "image_thumbnail": "https://www.sainsburys.co.uk/wcsstore/ExtendedSitesCatalogAssetStore/images/catalog/productImages/76/3614070097876/3614070097876_M.jpeg", "image_thumbnail_small": "https://www.sainsburys.co.uk/wcsstore/ExtendedSitesCatalogAssetStore/images/catalog/productImages/76/3614070097876/3614070097876_S.jpeg", "full_url": "https://www.sainsburys.co.uk/shop/gb/groceries/product/details/coeur-de-lion-la-buche-goats-cheese-150g", "unit_price": {"price": 18, "measure": "kg", "measure_amount": 1}, "retail_price": {"price": 2.1, "measure": "unit"}, "nectar_price": {"retail_price": 2.1, "unit_price": 14, "measure": "unit", "url": "https://www.sainsburys.co.uk/shop/gb/groceries/new---trending/nectar-prices", "category_seo_url": "gb/groceries/new---trending/nectar-prices"}, "is_available": true, "promotions": [{"promotion_uid": "10714073", "icon": "https://www.sainsburys.co.uk/wcsstore/Sainsburys/Promotion assets/Promotion icons/Buy_X_For_Y_Amt_S_Icon.gif", "link": "/gol-ui/promo-lister/10714073", "strap_line": "Buy 1 for 2.1", "start_date": "2025-12-10T00:00:00Z", "end_date": "2025-12-31T00:00:00Z", "original_price": 2.7, "promo_mechanic_id": "99", "is_nectar": true, "promo_type": "SIMPLE_FIXED_PRICE", "promo_group": "simple"}], "associations": [], "is_alcoholic": false, "is_spotlight": false, "is_intolerant": false, "is_mhra": false, "badges": [], "labels": [{"label_uid": "Chilled", "text": "Chilled", "alt_text": "Chilled", "color": "#005096", "link_opens_in_new_window": false}], "zone": null, "department": null, "reviews": {"is_enabled": true, "product_uid": "6597946", "total": 23, "average_rating": 4.0435}, "breadcrumbs": [], "assets": {"plp_image": "https://assets.sainsburys-groceries.co.uk/gol/6597946/image.jpg", "images": [], "video": []}, "description": [], "important_information": ["The above details have been prepared to help you select suitable products. Products and their ingredients are liable to change.", "<strong>You should always read the label before consuming or using the product and never rely solely on the information presented here.", "If you require specific advice on any Sainsbury's branded product, please contact our Customer Careline on 0800 636262. For all other products, please contact the manufacturer, whose details will appear on the packaging or label. Sainsbury's is therefore unable to accept liability for any incorrect information.", "You should also note that the picture / images show only our serving suggestions of how to serve or prepare your food \u2013 all accessories and additional items and/or ingredients pictured with the product you are purchasing are not included.", "This information is supplied for your personal use only. It may not be reproduced in any way without the prior consent of Sainsbury's Supermarkets Ltd and due acknowledgement"], "attachments": [], "categories": [{"id": "607890", "name": "Sides"}, {"id": "651360", "name": "Mediterranean food"}, {"id": "641355", "name": "The Salad Hub"}, {"id": "355438", "name": "Pancake Day"}, {"id": "428374", "name": "Special offers"}, {"id": "428376", "name": "Special offers"}, {"id": "428905", "name": "Speciality & continental cheese"}, {"id": "428991", "name": "Top rated"}, {"id": "460386", "name": "Perfect for cheeseboards"}, {"id": "481357", "name": "Dine in"}, {"id": "561852", "name": "Build a Cheeseboard"}], "header": {"text": "Nectar price", "type": "NECTAR"}, "attributes": {"brand": ["Chavroux"]}, "is_supply_chain_orderable": false, "display_icons": ["Chilled"], "pdp_deep_link": "/shop/ProductDisplay?storeId=10151&langId=44&productId=116182"}, {"product_uid": "7856456", "favourite_uid": null, "eans": ["0000000280631", "0000000461610"], "product_type": "BASIC", "name": "Sainsbury's Macaroni Cheese Ready Meal For 1 400g", "image": "https://www.sainsburys.co.uk/wcsstore/ExtendedSitesCatalogAssetStore/images/catalog/productImages/10/0000000461610/0000000461610_L.jpeg", "image_zoom": null, "image_thumbnail": "https://www.sainsburys.co.uk/wcsstore/ExtendedSitesCatalogAssetStore/images/catalog/productImages/10/0000000461610/0000000461610_M.jpeg", "image_thumbnail_small": "https://www.sainsburys.co.uk/wcsstore/ExtendedSitesCatalogAssetStore/images/catalog/productImages/10/0000000461610/0000000461610_S.jpeg", "full_url": "https://www.sainsburys.co.uk/shop/gb/groceries/product/details/sainsburys-macaroni-cheese-375g-serves-1-", "unit_price": {"price": 9.38, "measure": "kg", "measure_amount": 1}, "retail_price": {"price": 3.75, "measure": "unit"}, "is_available": true, "promotions": [{"promotion_uid": "10705467", "icon": "https://www.sainsburys.co.uk/wcsstore/Sainsburys/Promotion assets/Promotion icons/Buy_X_For_Y_Amt_S_Icon.gif", "link": "/gol-ui/promo-lister/10705467", "strap_line": "Buy any 2 for \u00a36.00 with Nectar", "start_date": "2025-09-16T23:00:00Z", "end_date": "2026-09-16T23:00:00Z", "original_price": 0, "promo_mechanic_id": "14", "is_nectar": true, "promo_type": "MULTIBUY_BUY_X_OF_VARIABLE_PRICE_FOR_Y", "promo_group": "multi_buy", "is_valid_strapline": true}], "associations": [], "is_alcoholic": false, "is_spotlight": false, "is_intolerant": false, "is_mhra": false, "badges": [], "labels": [], "zone": null, "department": null, "reviews": {"is_enabled": true, "product_uid": "7856456", "total": 148, "average_rating": 4.2973}, "breadcrumbs": [], "assets": {"plp_image": "https://assets.sainsburys-groceries.co.uk/gol/7856456/image.jpg", "images": [], "video": []}, "description": [], "important_information": ["The above details have been prepared to help you select suitable products. Products and their ingredients are liable to change.", "<strong>You should always read the label before consuming or using the product and never rely solely on the information presented here.", "If you require specific advice on any Sainsbury's branded product, please contact our Customer Careline on 0800 636262. For all other products, please contact the manufacturer, whose details will appear on the packaging or label. Sainsbury's is therefore unable to accept liability for any incorrect information.", "You should also note that the picture / images show only our serving suggestions of how to serve or prepare your food \u2013 all accessories and additional items and/or ingredients pictured with the product you are purchasing are not included.", "This information is supplied for your personal use only. It may not be reproduced in any way without the prior consent of Sainsbury's Supermarkets Ltd and due acknowledgement"], "attachments": [], "categories": [{"id": "276286", "name": "Special offers"}, {"id": "428364", "name": "Special offers"}, {"id": "428916", "name": "Ready meals for one"}, {"id": "428911", "name": "Italian ready meals"}, {"id": "428374", "name": "Special offers"}, {"id": "428931", "name": "Vegetarian ready meals"}, {"id": "474592", "name": "Dairy & chilled essentials"}], "attributes": {"brand": ["Sainsbury's"]}, "is_supply_chain_orderable": false, "display_icons": [], "pdp_deep_link": "/shop/ProductDisplay?storeId=10151&langId=44&productId=1130640"}, {"product_uid": "1408782", "favourite_uid": null, "eans": ["0000001408782"], "product_type": "BASIC", "name": "Sainsbury's British Extra Mature Grated Cheddar Cheese 250g", "image": "https://www.sainsburys.co.uk/wcsstore/ExtendedSitesCatalogAssetStore/images/catalog/productImages/82/0000001408782/0000001408782_L.jpeg", "image_zoom": null, "image_thumbnail": "https://www.sainsburys.co.uk/wcsstore/ExtendedSitesCatalogAssetStore/images/catalog/productImages/82/0000001408782/0000001408782_M.jpeg", "image_thumbnail_small": "https://www.sainsburys.co.uk/wcsstore/ExtendedSitesCatalogAssetStore/images/catalog/productImages/82/0000001408782/0000001408782_S.jpeg", "full_url": "https://www.sainsburys.co.uk/shop/gb/groceries/product/details/sainsburys-british-extra-mature-grated-cheddar-250g", "unit_price": {"price": 10.4, "measure": "kg", "measure_amount": 1}, "retail_price": {"price": 2.6, "measure": "unit"}, "is_available": true, "promotions": [], "associations": [], "is_alcoholic": false, "is_spotlight": false, "is_intolerant": false, "is_mhra": false, "badges": [], "labels": [{"label_uid": "Chilled", "text": "Chilled", "alt_text": "Chilled", "color": "#005096", "link_opens_in_new_window": false}, {"label_uid": "British", "text": "BRITISH", "alt_text": "BRITISH", "color": "#4c4c4c", "link_opens_in_new_window": false}], "zone": null, "department": null, "reviews": {"is_enabled": true, "product_uid": "1408782", "total": 130, "average_rating": 4.7}, "breadcrumbs": [], "assets": {"plp_image": "https://assets.sainsburys-groceries.co.uk/gol/1408782/image.jpg", "images": [], "video": []}, "description": [], "important_information": ["The above details have been prepared to help you select suitable products. Products and their ingredients are liable to change.", "<strong>You should always read the label before consuming or using the product and never rely solely on the information presented here.", "If you require specific advice on any Sainsbury's branded product, please contact our Customer Careline on 0800 636262. For all other products, please contact the manufacturer, whose details will appear on the packaging or label. Sainsbury's is therefore unable to accept liability for any incorrect information.", "You should also note that the picture / images show only our serving suggestions of how to serve or prepare your food \u2013 all accessories and additional items and/or ingredients pictured with the product you are purchasing are not included.", "This information is supplied for your personal use only. It may not be reproduced in any way without the prior consent of Sainsbury's Supermarkets Ltd and due acknowledgement"], "attachments": [], "categories": [{"id": "641353", "name": "Best of British"}, {"id": "604354", "name": "Best of British"}, {"id": "428900", "name": "Cheddar & British regional cheese"}, {"id": "428901", "name": "Sliced & grated cheese"}, {"id": "474592", "name": "Dairy & chilled essentials"}], "attributes": {"brand": ["Sainsbury's"]}, "is_supply_chain_orderable": false, "display_icons": ["Chilled", "British"], "pdp_deep_link": "/shop/ProductDisplay?storeId=10151&langId=44&productId=109788"}, {"product_uid": "7980929", "favourite_uid": null, "eans": ["0000000369534"], "product_type": "BASIC", "name": "Sainsbury's Grated Four Cheese Mix 250g", "image": "https://www.sainsburys.co.uk/wcsstore/ExtendedSitesCatalogAssetStore/images/catalog/productImages/34/0000000369534/0000000369534_L.jpeg", "image_zoom": null, "image_thumbnail": "https://www.sainsburys.co.uk/wcsstore/ExtendedSitesCatalogAssetStore/images/catalog/productImages/34/0000000369534/0000000369534_M.jpeg", "image_thumbnail_small": "https://www.sainsburys.co.uk/wcsstore/ExtendedSitesCatalogAssetStore/images/catalog/productImages/34/0000000369534/0000000369534_S.jpeg", "full_url": "https://www.sainsburys.co.uk/shop/gb/groceries/product/details/sainsburys-grated-four-cheese-mix-250g", "unit_price": {"price": 10.4, "measure": "kg", "measure_amount": 1}, "retail_price": {"price": 2.6, "measure": "unit"}, "is_available": true, "promotions": [], "associations": [], "is_alcoholic": false, "is_spotlight": false, "is_intolerant": false, "is_mhra": false, "badges": [], "labels": [], "zone": null, "department": null, "reviews": {"is_enabled": true, "product_uid": "7980929", "total": 222, "average_rating": 4.8423}, "breadcrumbs": [], "assets": {"plp_image": "https://assets.sainsburys-groceries.co.uk/gol/7980929/image.jpg", "images": [], "video": []}, "description": [], "important_information": ["The above details have been prepared to help you select suitable products. Products and their ingredients are liable to change.", "<strong>You should always read the label before consuming or using the product and never rely solely on the information presented here.", "If you require specific advice on any Sainsbury's branded product, please contact our Customer Careline on 0800 636262. For all other products, please contact the manufacturer, whose details will appear on the packaging or label. Sainsbury's is therefore unable to accept liability for any incorrect information.", "You should also note that the picture / images show only our serving suggestions of how to serve or prepare your food \u2013 all accessories and additional items and/or ingredients pictured with the product you are purchasing are not included.", "This information is supplied for your personal use only. It may not be reproduced in any way without the prior consent of Sainsbury's Supermarkets Ltd and due acknowledgement"], "attachments": [], "categories": [{"id": "428900", "name": "Cheddar & British regional cheese"}, {"id": "428901", "name": "Sliced & grated cheese"}, {"id": "463861", "name": "Price Lock"}, {"id": "474592", "name": "Dairy & chilled essentials"}], "attributes": {"brand": ["Sainsbury's"]}, "is_supply_chain_orderable": false, "display_icons": [], "pdp_deep_link": "/shop/ProductDisplay?storeId=10151&langId=44&productId=1312018"}, {"product_uid": "447195", "favourite_uid": null, "eans": ["0000000447195"], "product_type": "BASIC", "name": "Sainsbury's Cheese & Onion Quiche 400g", "image": "https://www.sainsburys.co.uk/wcsstore/ExtendedSitesCatalogAssetStore/images/catalog/productImages/95/0000000447195/0000000447195_L.jpeg", "image_zoom": null, "image_thumbnail": "https://www.sainsburys.co.uk/wcsstore/ExtendedSitesCatalogAssetStore/images/catalog/productImages/95/0000000447195/0000000447195_M.jpeg", "image_thumbnail_small": "https://www.sainsburys.co.uk/wcsstore/ExtendedSitesCatalogAssetStore/images/catalog/productImages/95/0000000447195/0000000447195_S.jpeg", "full_url": "https://www.sainsburys.co.uk/shop/gb/groceries/product/details/sainsburys-cheese---onion-quiche-400g", "unit_price": {"price": 0.5, "measure": "g", "measure_amount": 100}, "retail_price": {"price": 1.99, "measure": "unit"}, "is_available": true, "promotions": [], "associations": [], "is_alcoholic": false, "is_spotlight": false, "is_intolerant": false, "is_mhra": false, "badges": [], "labels": [{"label_uid": "Aldi Price Match", "text": "ALDI PRICE MATCH*", "alt_text": "ALDI PRICE MATCH*", "color": "#D70000", "link": "https://www.sainsburys.co.uk/gol-ui/events/aldi-price-match", "link_opens_in_new_window": false}], "zone": null, "department": null, "reviews": {"is_enabled": true, "product_uid": "447195", "total": 253, "average_rating": 4.249}, "breadcrumbs": [], "assets": {"plp_image": "https://assets.sainsburys-groceries.co.uk/gol/447195/image.jpg", "images": [], "video": []}, "description": [], "important_information": ["The above details have been prepared to help you select suitable products. Products and their ingredients are liable to change.", "<strong>You should always read the label before consuming or using the product and never rely solely on the information presented here.", "If you require specific advice on any Sainsbury's branded product, please contact our Customer Careline on 0800 636262. For all other products, please contact the manufacturer, whose details will appear on the packaging or label. Sainsbury's is therefore unable to accept liability for any incorrect information.", "You should also note that the picture / images show only our serving suggestions of how to serve or prepare your food \u2013 all accessories and additional items and/or ingredients pictured with the product you are purchasing are not included.", "This information is supplied for your personal use only. It may not be reproduced in any way without the prior consent of Sainsbury's Supermarkets Ltd and due acknowledgement"], "attachments": [], "categories": [{"id": "607880", "name": "Picnic classics"}, {"id": "607875", "name": "BBQ sides"}, {"id": "607854", "name": "Aldi Price Match"}, {"id": "607879", "name": "Taste the Difference"}, {"id": "410380", "name": "Special offers"}, {"id": "428955", "name": "Quiche"}, {"id": "432369", "name": "New"}, {"id": "432368", "name": "Special offers"}, {"id": "431864", "name": "Summer is coming"}, {"id": "450352", "name": "Christmas is coming"}, {"id": "462356", "name": "Special offers"}, {"id": "474592", "name": "Dairy & chilled essentials"}, {"id": "533852", "name": "Sponsored - Drinks with food inspiration"}], "is_supply_chain_orderable": false, "display_icons": ["Aldi Price Match"], "pdp_deep_link": "/shop/ProductDisplay?storeId=10151&langId=44&productId=85812"}, {"product_uid": "410199", "favourite_uid": null, "eans": ["0000000410199"], "product_type": "BASIC", "name": "Sainsbury's Cheese & Ham Chicken Kyivs x2 260g", "image": "https://www.sainsburys.co.uk/wcsstore/ExtendedSitesCatalogAssetStore/images/catalog/productImages/99/0000000410199/0000000410199_L.jpeg", "image_zoom": null, "image_thumbnail": "https://www.sainsburys.co.uk/wcsstore/ExtendedSitesCatalogAssetStore/images/catalog/productImages/99/0000000410199/0000000410199_M.jpeg", "image_thumbnail_small": "https://www.sainsburys.co.uk/wcsstore/ExtendedSitesCatalogAssetStore/images/catalog/productImages/99/0000000410199/0000000410199_S.jpeg", "full_url": "https://www.sainsburys.co.uk/shop/gb/groceries/product/details/sainsburys-breaded-ham---cheese-filled-chicken-kievs-x2-260g", "unit_price": {"price": 12.12, "measure": "kg", "measure_amount": 1}, "retail_price": {"price": 3.15, "measure": "unit"}, "is_available": true, "promotions": [], "associations": [], "is_alcoholic": false, "is_spotlight": false, "is_intolerant": false, "is_mhra": false, "badges": [], "labels": [{"label_uid": "Chilled", "text": "Chilled", "alt_text": "Chilled", "color": "#005096", "link_opens_in_new_window": false}, {"label_uid": "British", "text": "BRITISH", "alt_text": "BRITISH", "color": "#4c4c4c", "link_opens_in_new_window": false}, {"label_uid": "TypicalLife5Days", "text": "Typical life 5 days", "alt_text": "Typical life 5 days", "color": "#218234", "link": "/shop/gb/groceries/get-ideas/delivery-and-guides/freshness", "link_opens_in_new_window": false}], "zone": null, "department": null, "reviews": {"is_enabled": true, "product_uid": "410199", "total": 39, "average_rating": 3.7692}, "breadcrumbs": [], "assets": {"plp_image": "https://assets.sainsburys-groceries.co.uk/gol/410199/image.jpg", "images": [], "video": []}, "description": [], "important_information": ["The above details have been prepared to help you select suitable products. Products and their ingredients are liable to change.", "<strong>You should always read the label before consuming or using the product and never rely solely on the information presented here.", "If you require specific advice on any Sainsbury's branded product, please contact our Customer Careline on 0800 636262. For all other products, please contact the manufacturer, whose details will appear on the packaging or label. Sainsbury's is therefore unable to accept liability for any incorrect information.", "You should also note that the picture / images show only our serving suggestions of how to serve or prepare your food \u2013 all accessories and additional items and/or ingredients pictured with the product you are purchasing are not included.", "This information is supplied for your personal use only. It may not be reproduced in any way without the prior consent of Sainsbury's Supermarkets Ltd and due acknowledgement"], "attachments": [], "categories": [{"id": "641353", "name": "Best of British"}, {"id": "604354", "name": "Best of British"}, {"id": "310869", "name": "Breaded chicken & Kyiv"}, {"id": "410358", "name": "Special offers"}, {"id": "438352", "name": "5x Nectar points"}, {"id": "500860", "name": "Better for you meat & fish"}], "attributes": {"brand": ["Sainsbury's"]}, "is_supply_chain_orderable": false, "display_icons": ["Chilled", "British", "TypicalLife5Days"], "pdp_deep_link": "/shop/ProductDisplay?storeId=10151&langId=44&productId=112680"}, {"product_uid": "7571958", "favourite_uid": null, "eans": ["0000001848151"], "product_type": "BASIC", "name": "Sainsbury's Lighter Mature Grated Cheese 250g", "image": "https://www.sainsburys.co.uk/wcsstore/ExtendedSitesCatalogAssetStore/images/catalog/productImages/51/0000001848151/0000001848151_L.jpeg", "image_zoom": null, "image_thumbnail": "https://www.sainsburys.co.uk/wcsstore/ExtendedSitesCatalogAssetStore/images/catalog/productImages/51/0000001848151/0000001848151_M.jpeg", "image_thumbnail_small": "https://www.sainsburys.co.uk/wcsstore/ExtendedSitesCatalogAssetStore/images/catalog/productImages/51/0000001848151/0000001848151_S.jpeg", "full_url": "https://www.sainsburys.co.uk/shop/gb/groceries/product/details/sainsburys-lighter-mature-grated-250g", "unit_price": {"price": 10.4, "measure": "kg", "measure_amount": 1}, "retail_price": {"price": 2.6, "measure": "unit"}, "is_available": true, "promotions": [], "associations": [], "is_alcoholic": false, "is_spotlight": false, "is_intolerant": false, "is_mhra": false, "badges": [], "labels": [], "zone": null, "department": null, "reviews": {"is_enabled": true, "product_uid": "7571958", "total": 71, "average_rating": 4.6197}, "breadcrumbs": [], "assets": {"plp_image": "https://assets.sainsburys-groceries.co.uk/gol/7571958/image.jpg", "images": [], "video": []}, "description": [], "important_information": ["The above details have been prepared to help you select suitable products. Products and their ingredients are liable to change.", "<strong>You should always read the label before consuming or using the product and never rely solely on the information presented here.", "If you require specific advice on any Sainsbury's branded product, please contact our Customer Careline on 0800 636262. For all other products, please contact the manufacturer, whose details will appear on the packaging or label. Sainsbury's is therefore unable to accept liability for any incorrect information.", "You should also note that the picture / images show only our serving suggestions of how to serve or prepare your food \u2013 all accessories and additional items and/or ingredients pictured with the product you are purchasing are not included.", "This information is supplied for your personal use only. It may not be reproduced in any way without the prior consent of Sainsbury's Supermarkets Ltd and due acknowledgement"], "attachments": [], "categories": [{"id": "428900", "name": "Cheddar & British regional cheese"}, {"id": "428901", "name": "Sliced & grated cheese"}, {"id": "474592", "name": "Dairy & chilled essentials"}], "attributes": {"brand": ["Sainsbury's"]}, "is_supply_chain_orderable": false, "display_icons": [], "pdp_deep_link": "/shop/ProductDisplay?storeId=10151&langId=44&productId=125944"}, {"product_uid": "2394107", "favourite_uid": null, "eans": ["5000354404009", "5000354405259"], "product_type": "BASIC", "name": "Batchelors Pasta 'n' Sauce, Cheese & Broccoli 99g", "image": "https://www.sainsburys.co.uk/wcsstore/ExtendedSitesCatalogAssetStore/images/catalog/productImages/09/5000354404009/5000354404009_L.jpeg", "image_zoom": null, "image_thumbnail": "https://www.sainsburys.co.uk/wcsstore/ExtendedSitesCatalogAssetStore/images/catalog/productImages/09/5000354404009/5000354404009_M.jpeg", "image_thumbnail_small": "https://www.sainsburys.co.uk/wcsstore/ExtendedSitesCatalogAssetStore/images/catalog/productImages/09/5000354404009/5000354404009_S.jpeg", "full_url": "https://www.sainsburys.co.uk/shop/gb/groceries/product/details/batchelors-pasta---sauce--cheese---broccoli-123g", "unit_price": {"price": 12.12, "measure": "kg", "measure_amount": 1}, "retail_price": {"price": 1.2, "measure": "unit"}, "is_available": true, "promotions": [], "associations": [], "is_alcoholic": false, "is_spotlight": false, "is_intolerant": false, "is_mhra": false, "badges": [], "labels": [], "zone": null, "department": null, "reviews": {"is_enabled": true, "product_uid": "2394107", "total": 46, "average_rating": 3.7609}, "breadcrumbs": [], "assets": {"plp_image": "https://assets.sainsburys-groceries.co.uk/gol/2394107/image.jpg", "images": [], "video": []}, "description": [], "important_information": ["The above details have been prepared to help you select suitable products. Products and their ingredients are liable to change.", "<strong>You should always read the label before consuming or using the product and never rely solely on the information presented here.", "If you require specific advice on any Sainsbury's branded product, please contact our Customer Careline on 0800 636262. For all other products, please contact the manufacturer, whose details will appear on the packaging or label. Sainsbury's is therefore unable to accept liability for any incorrect information.", "You should also note that the picture / images show only our serving suggestions of how to serve or prepare your food \u2013 all accessories and additional items and/or ingredients pictured with the product you are purchasing are not included.", "This information is supplied for your personal use only. It may not be reproduced in any way without the prior consent of Sainsbury's Supermarkets Ltd and due acknowledgement"], "attachments": [], "categories": [{"id": "649358", "name": "Easy tea time"}, {"id": "300021", "name": "Pasta snacks"}, {"id": "478373", "name": "Lunchtime inspiration"}, {"id": "488870", "name": "All Price Lock"}, {"id": "490872", "name": "Instant snacks & meals"}, {"id": "488863", "name": "Food Cupboard & Bakery"}, {"id": "502854", "name": "Win with Batchelors"}, {"id": "591858", "name": "Win With Batchelors & Batman"}, {"id": "564356", "name": "Text to Win 100+ prizes"}], "attributes": {"brand": ["Batchelors"]}, "is_supply_chain_orderable": false, "display_icons": [], "pdp_deep_link": "/shop/ProductDisplay?storeId=10151&langId=44&productId=131682"}, {"product_uid": "6338089", "favourite_uid": null, "eans": ["0000001222500"], "product_type": "BASIC", "name": "Sainsbury's Edam Cheese Slices 250g", "image": "https://www.sainsburys.co.uk/wcsstore/ExtendedSitesCatalogAssetStore/images/catalog/productImages/00/0000001222500/0000001222500_L.jpeg", "image_zoom": null, "image_thumbnail": "https://www.sainsburys.co.uk/wcsstore/ExtendedSitesCatalogAssetStore/images/catalog/productImages/00/0000001222500/0000001222500_M.jpeg", "image_thumbnail_small": "https://www.sainsburys.co.uk/wcsstore/ExtendedSitesCatalogAssetStore/images/catalog/productImages/00/0000001222500/0000001222500_S.jpeg", "full_url": "https://www.sainsburys.co.uk/shop/gb/groceries/product/details/sainsburys-edam-slices-250g", "unit_price": {"price": 11.6, "measure": "kg", "measure_amount": 1}, "retail_price": {"price": 2.9, "measure": "unit"}, "is_available": true, "promotions": [], "associations": [], "is_alcoholic": false, "is_spotlight": false, "is_intolerant": false, "is_mhra": false, "badges": [], "labels": [], "zone": null, "department": null, "reviews": {"is_enabled": true, "product_uid": "6338089", "total": 82, "average_rating": 4.4024}, "breadcrumbs": [], "assets": {"plp_image": "https://assets.sainsburys-groceries.co.uk/gol/6338089/image.jpg", "images": [], "video": []}, "description": [], "important_information": ["The above details have been prepared to help you select suitable products. Products and their ingredients are liable to change.", "<strong>You should always read the label before consuming or using the product and never rely solely on the information presented here.", "If you require specific advice on any Sainsbury's branded product, please contact our Customer Careline on 0800 636262. For all other products, please contact the manufacturer, whose details will appear on the packaging or label. Sainsbury's is therefore unable to accept liability for any incorrect information.", "You should also note that the picture / images show only our serving suggestions of how to serve or prepare your food \u2013 all accessories and additional items and/or ingredients pictured with the product you are purchasing are not included.", "This information is supplied for your personal use only. It may not be reproduced in any way without the prior consent of Sainsbury's Supermarkets Ltd and due acknowledgement"], "attachments": [], "categories": [{"id": "649357", "name": "Lunch and snacks"}, {"id": "428901", "name": "Sliced & grated cheese"}], "attributes": {"brand": ["Sainsbury's"]}, "is_supply_chain_orderable": false, "display_icons": [], "pdp_deep_link": "/shop/ProductDisplay?storeId=10151&langId=44&productId=114882"}, {"product_uid": "7637136", "favourite_uid": null, "eans": ["5000295147966", "5000295145139", "5000295155602"], "product_type": "BASIC", "name": "Cathedral City Mature Cheddar Cheese Slices x6 150g", "image": "https://www.sainsburys.co.uk/wcsstore/ExtendedSitesCatalogAssetStore/images/catalog/productImages/39/5000295145139/5000295145139_L.jpeg", "image_zoom": null, "image_thumbnail": "https://www.sainsburys.co.uk/wcsstore/ExtendedSitesCatalogAssetStore/images/catalog/productImages/39/5000295145139/5000295145139_M.jpeg", "image_thumbnail_small": "https://www.sainsburys.co.uk/wcsstore/ExtendedSitesCatalogAssetStore/images/catalog/productImages/39/5000295145139/5000295145139_S.jpeg", "full_url": "https://www.sainsburys.co.uk/shop/gb/groceries/product/details/cathedral-city-mature-slices-150g", "unit_price": {"price": 17, "measure": "kg", "measure_amount": 1}, "retail_price": {"price": 2.55, "measure": "unit"}, "is_available": true, "promotions": [], "associations": [], "is_alcoholic": false, "is_spotlight": false, "is_intolerant": false, "is_mhra": false, "badges": [], "labels": [{"label_uid": "Chilled", "text": "Chilled", "alt_text": "Chilled", "color": "#005096", "link_opens_in_new_window": false}], "zone": null, "department": null, "reviews": {"is_enabled": true, "product_uid": "7637136", "total": 68, "average_rating": 4.2647}, "breadcrumbs": [], "assets": {"plp_image": "https://assets.sainsburys-groceries.co.uk/gol/7637136/image.jpg", "images": [], "video": []}, "description": [], "important_information": ["The above details have been prepared to help you select suitable products. Products and their ingredients are liable to change.", "<strong>You should always read the label before consuming or using the product and never rely solely on the information presented here.", "If you require specific advice on any Sainsbury's branded product, please contact our Customer Careline on 0800 636262. For all other products, please contact the manufacturer, whose details will appear on the packaging or label. Sainsbury's is therefore unable to accept liability for any incorrect information.", "You should also note that the picture / images show only our serving suggestions of how to serve or prepare your food \u2013 all accessories and additional items and/or ingredients pictured with the product you are purchasing are not included.", "This information is supplied for your personal use only. It may not be reproduced in any way without the prior consent of Sainsbury's Supermarkets Ltd and due acknowledgement"], "attachments": [], "categories": [{"id": "607874", "name": "Buns, toppings & sauces"}, {"id": "649357", "name": "Lunch and snacks"}, {"id": "417428", "name": "Six Nations with Guinness"}, {"id": "428909", "name": "Snacking & lunchbox cheese"}, {"id": "428900", "name": "Cheddar & British regional cheese"}, {"id": "428901", "name": "Sliced & grated cheese"}, {"id": "431864", "name": "Summer is coming"}, {"id": "434363", "name": "BBQ"}, {"id": "474592", "name": "Dairy & chilled essentials"}, {"id": "595853", "name": "Cathedral City, Davidstow, Clover & Country Life"}], "attributes": {"brand": ["Cathedral City"]}, "is_supply_chain_orderable": false, "display_icons": ["Chilled"], "pdp_deep_link": "/shop/ProductDisplay?storeId=10151&langId=44&productId=425946"}, {"product_uid": "3493533", "favourite_uid": null, "eans": ["5014747757153", "5200112731013", "5201054004210", "5014747758051"], "product_type": "BASIC", "name": "Attis Greek Feta Cheese 200g", "image": "https://www.sainsburys.co.uk/wcsstore/ExtendedSitesCatalogAssetStore/images/catalog/productImages/53/5014747757153/5014747757153_L.jpeg", "image_zoom": null, "image_thumbnail": "https://www.sainsburys.co.uk/wcsstore/ExtendedSitesCatalogAssetStore/images/catalog/productImages/53/5014747757153/5014747757153_M.jpeg", "image_thumbnail_small": "https://www.sainsburys.co.uk/wcsstore/ExtendedSitesCatalogAssetStore/images/catalog/productImages/53/5014747757153/5014747757153_S.jpeg", "full_url": "https://www.sainsburys.co.uk/shop/gb/groceries/product/details/attis-greek-feta-200g", "unit_price": {"price": 13.75, "measure": "kg", "measure_amount": 1}, "retail_price": {"price": 2.75, "measure": "unit"}, "is_available": true, "promotions": [], "associations": [], "is_alcoholic": false, "is_spotlight": false, "is_intolerant": false, "is_mhra": false, "badges": [], "labels": [{"label_uid": "Chilled", "text": "Chilled", "alt_text": "Chilled", "color": "#005096", "link_opens_in_new_window": false}], "zone": null, "department": null, "reviews": {"is_enabled": true, "product_uid": "3493533", "total": 12, "average_rating": 4.4167}, "breadcrumbs": [], "assets": {"plp_image": "https://assets.sainsburys-groceries.co.uk/gol/3493533/image.jpg", "images": [], "video": []}, "description": [], "important_information": ["The above details have been prepared to help you select suitable products. Products and their ingredients are liable to change.", "<strong>You should always read the label before consuming or using the product and never rely solely on the information presented here.", "If you require specific advice on any Sainsbury's branded product, please contact our Customer Careline on 0800 636262. For all other products, please contact the manufacturer, whose details will appear on the packaging or label. Sainsbury's is therefore unable to accept liability for any incorrect information.", "You should also note that the picture / images show only our serving suggestions of how to serve or prepare your food \u2013 all accessories and additional items and/or ingredients pictured with the product you are purchasing are not included.", "This information is supplied for your personal use only. It may not be reproduced in any way without the prior consent of Sainsbury's Supermarkets Ltd and due acknowledgement"], "attachments": [], "categories": [{"id": "607890", "name": "Sides"}, {"id": "651360", "name": "Mediterranean food"}, {"id": "641355", "name": "The Salad Hub"}, {"id": "649378", "name": "Feta and halloumi"}, {"id": "428905", "name": "Speciality & continental cheese"}], "attributes": {"brand": ["Attis"]}, "is_supply_chain_orderable": false, "display_icons": ["Chilled"], "pdp_deep_link": "/shop/ProductDisplay?storeId=10151&langId=44&productId=18822"}, {"product_uid": "7855039", "favourite_uid": null, "eans": ["5000165375161", "5000165035652"], "product_type": "BASIC", "name": "Pilgrims Choice Extra Mature Cheddar Cheese 550g", "image": "https://www.sainsburys.co.uk/wcsstore/ExtendedSitesCatalogAssetStore/images/catalog/productImages/52/5000165035652/5000165035652_L.jpeg", "image_zoom": null, "image_thumbnail": "https://www.sainsburys.co.uk/wcsstore/ExtendedSitesCatalogAssetStore/images/catalog/productImages/52/5000165035652/5000165035652_M.jpeg", "image_thumbnail_small": "https://www.sainsburys.co.uk/wcsstore/ExtendedSitesCatalogAssetStore/images/catalog/productImages/52/5000165035652/5000165035652_S.jpeg", "full_url": "https://www.sainsburys.co.uk/shop/gb/groceries/product/details/pilgrims-choice-grated-mature-cheddar-200g", "unit_price": {"price": 9.82, "measure": "kg", "measure_amount": 1}, "retail_price": {"price": 5.4, "measure": "unit"}, "is_available": true, "promotions": [], "associations": [], "is_alcoholic": false, "is_spotlight": false, "is_intolerant": false, "is_mhra": false, "badges": [], "labels": [{"label_uid": "Chilled", "text": "Chilled", "alt_text": "Chilled", "color": "#005096", "link_opens_in_new_window": false}], "zone": null, "department": null, "reviews": {"is_enabled": true, "product_uid": "7855039", "total": 79, "average_rating": 3.5696}, "breadcrumbs": [], "assets": {"plp_image": "https://assets.sainsburys-groceries.co.uk/gol/7855039/image.jpg", "images": [], "video": []}, "description": [], "important_information": ["The above details have been prepared to help you select suitable products. Products and their ingredients are liable to change.", "<strong>You should always read the label before consuming or using the product and never rely solely on the information presented here.", "If you require specific advice on any Sainsbury's branded product, please contact our Customer Careline on 0800 636262. For all other products, please contact the manufacturer, whose details will appear on the packaging or label. Sainsbury's is therefore unable to accept liability for any incorrect information.", "You should also note that the picture / images show only our serving suggestions of how to serve or prepare your food \u2013 all accessories and additional items and/or ingredients pictured with the product you are purchasing are not included.", "This information is supplied for your personal use only. It may not be reproduced in any way without the prior consent of Sainsbury's Supermarkets Ltd and due acknowledgement"], "attachments": [], "categories": [{"id": "428900", "name": "Cheddar & British regional cheese"}, {"id": "474592", "name": "Dairy & chilled essentials"}, {"id": "480353", "name": "Bigger packs"}, {"id": "599852", "name": "Win with Pilgrims Choice"}, {"id": "561852", "name": "Build a Cheeseboard"}], "attributes": {"brand": ["Pilgrims Choice"]}, "is_supply_chain_orderable": false, "display_icons": ["Chilled"], "pdp_deep_link": "/shop/ProductDisplay?storeId=10151&langId=44&productId=1126054"}, {"product_uid": "8002819", "favourite_uid": null, "eans": ["0000000385572"], "product_type": "BASIC", "name": "Sainsbury's Cheese & Garlic Flatbread 224g", "image": "https://www.sainsburys.co.uk/wcsstore/ExtendedSitesCatalogAssetStore/images/catalog/productImages/72/0000000385572/0000000385572_L.jpeg", "image_zoom": null, "image_thumbnail": "https://www.sainsburys.co.uk/wcsstore/ExtendedSitesCatalogAssetStore/images/catalog/productImages/72/0000000385572/0000000385572_M.jpeg", "image_thumbnail_small": "https://www.sainsburys.co.uk/wcsstore/ExtendedSitesCatalogAssetStore/images/catalog/productImages/72/0000000385572/0000000385572_S.jpeg", "full_url": "https://www.sainsburys.co.uk/shop/gb/groceries/product/details/sainsburys-cheese-garlic-flatbread-224g", "unit_price": {"price": 0.89, "measure": "g", "measure_amount": 100}, "retail_price": {"price": 1.7, "measure": "unit"}, "nectar_price": {"retail_price": 1.7, "unit_price": 0.76, "measure": "unit", "url": "https://www.sainsburys.co.uk/shop/gb/groceries/new---trending/nectar-prices", "category_seo_url": "gb/groceries/new---trending/nectar-prices"}, "is_available": true, "promotions": [{"promotion_uid": "10719471", "icon": "https://www.sainsburys.co.uk/wcsstore/Sainsburys/Promotion assets/Promotion icons/Buy_X_For_Y_Amt_S_Icon.gif", "link": "/gol-ui/promo-lister/10719471", "strap_line": "Buy 1 for 1.7", "start_date": "2025-12-10T00:00:00Z", "end_date": "2025-12-31T00:00:00Z", "original_price": 2, "promo_mechanic_id": "99", "is_nectar": true, "promo_type": "SIMPLE_FIXED_PRICE", "promo_group": "simple"}], "associations": [], "is_alcoholic": false, "is_spotlight": false, "is_intolerant": false, "is_mhra": false, "badges": [], "labels": [{"label_uid": "Chilled", "text": "Chilled", "alt_text": "Chilled", "color": "#005096", "link_opens_in_new_window": false}], "zone": null, "department": null, "reviews": {"is_enabled": true, "product_uid": "8002819", "total": 123, "average_rating": 4.6423}, "breadcrumbs": [], "assets": {"plp_image": "https://assets.sainsburys-groceries.co.uk/gol/8002819/image.jpg", "images": [], "video": []}, "description": [], "important_information": ["The above details have been prepared to help you select suitable products. Products and their ingredients are liable to change.", "<strong>You should always read the label before consuming or using the product and never rely solely on the information presented here.", "If you require specific advice on any Sainsbury's branded product, please contact our Customer Careline on 0800 636262. For all other products, please contact the manufacturer, whose details will appear on the packaging or label. Sainsbury's is therefore unable to accept liability for any incorrect information.", "You should also note that the picture / images show only our serving suggestions of how to serve or prepare your food \u2013 all accessories and additional items and/or ingredients pictured with the product you are purchasing are not included.", "This information is supplied for your personal use only. It may not be reproduced in any way without the prior consent of Sainsbury's Supermarkets Ltd and due acknowledgement"], "attachments": [], "categories": [{"id": "603907", "name": "Coca Cola & Pizza"}, {"id": "304985", "name": "Garlic breads"}, {"id": "305393", "name": "Special offers"}, {"id": "410364", "name": "Special offers"}, {"id": "410380", "name": "Special offers"}, {"id": "410378", "name": "Special offers"}, {"id": "428368", "name": "Special offers"}, {"id": "419393", "name": "New"}, {"id": "428374", "name": "Special offers"}, {"id": "428950", "name": "Garlic bread, doughballs & sides"}, {"id": "462356", "name": "Special offers"}, {"id": "494373", "name": "Meals for tonight"}, {"id": "549856", "name": "copy Pizza takeaway"}, {"id": "593854", "name": "Family Night In"}], "header": {"text": "Nectar price", "type": "NECTAR"}, "attributes": {"brand": ["Sainsbury's"]}, "is_supply_chain_orderable": false, "display_icons": ["Chilled"], "pdp_deep_link": "/shop/ProductDisplay?storeId=10151&langId=44&productId=1332030"}, {"product_uid": "6892600", "favourite_uid": null, "eans": ["0061232201948"], "product_type": "BASIC", "name": "Nairn's Cheese Oatcakes 200g", "image": "https://www.sainsburys.co.uk/wcsstore/ExtendedSitesCatalogAssetStore/images/catalog/productImages/48/0061232201948/0061232201948_L.jpeg", "image_zoom": null, "image_thumbnail": "https://www.sainsburys.co.uk/wcsstore/ExtendedSitesCatalogAssetStore/images/catalog/productImages/48/0061232201948/0061232201948_M.jpeg", "image_thumbnail_small": "https://www.sainsburys.co.uk/wcsstore/ExtendedSitesCatalogAssetStore/images/catalog/productImages/48/0061232201948/0061232201948_S.jpeg", "full_url": "https://www.sainsburys.co.uk/shop/gb/groceries/product/details/nairns-cheese-oatcakes-200g", "unit_price": {"price": 0.8, "measure": "g", "measure_amount": 100}, "retail_price": {"price": 1.6, "measure": "unit"}, "is_available": true, "promotions": [], "associations": [], "is_alcoholic": false, "is_spotlight": false, "is_intolerant": false, "is_mhra": false, "badges": [], "labels": [], "zone": null, "department": null, "reviews": {"is_enabled": true, "product_uid": "6892600", "total": 25, "average_rating": 4.76}, "breadcrumbs": [], "assets": {"plp_image": "https://assets.sainsburys-groceries.co.uk/gol/6892600/image.jpg", "images": [], "video": []}, "description": [], "important_information": ["The above details have been prepared to help you select suitable products. Products and their ingredients are liable to change.", "<strong>You should always read the label before consuming or using the product and never rely solely on the information presented here.", "If you require specific advice on any Sainsbury's branded product, please contact our Customer Careline on 0800 636262. For all other products, please contact the manufacturer, whose details will appear on the packaging or label. Sainsbury's is therefore unable to accept liability for any incorrect information.", "You should also note that the picture / images show only our serving suggestions of how to serve or prepare your food \u2013 all accessories and additional items and/or ingredients pictured with the product you are purchasing are not included.", "This information is supplied for your personal use only. It may not be reproduced in any way without the prior consent of Sainsbury's Supermarkets Ltd and due acknowledgement"], "attachments": [], "categories": [{"id": "304880", "name": "Oat cakes"}, {"id": "498359", "name": "10x Nectar points"}], "attributes": {"brand": ["Nairn's"]}, "is_supply_chain_orderable": false, "display_icons": [], "pdp_deep_link": "/shop/ProductDisplay?storeId=10151&langId=44&productId=94136"}, {"product_uid": "7710191", "favourite_uid": null, "eans": ["5760466923927"], "product_type": "BASIC", "name": "Apetina Paneer Cheese 225g", "image": "https://www.sainsburys.co.uk/wcsstore/ExtendedSitesCatalogAssetStore/images/catalog/productImages/27/5760466923927/5760466923927_L.jpeg", "image_zoom": null, "image_thumbnail": "https://www.sainsburys.co.uk/wcsstore/ExtendedSitesCatalogAssetStore/images/catalog/productImages/27/5760466923927/5760466923927_M.jpeg", "image_thumbnail_small": "https://www.sainsburys.co.uk/wcsstore/ExtendedSitesCatalogAssetStore/images/catalog/productImages/27/5760466923927/5760466923927_S.jpeg", "full_url": "https://www.sainsburys.co.uk/shop/gb/groceries/product/details/savera-paneer-225g", "unit_price": {"price": 9.78, "measure": "kg", "measure_amount": 1}, "retail_price": {"price": 2.2, "measure": "unit"}, "is_available": true, "promotions": [], "associations": [], "is_alcoholic": false, "is_spotlight": false, "is_intolerant": false, "is_mhra": false, "badges": [], "labels": [{"label_uid": "Chilled", "text": "Chilled", "alt_text": "Chilled", "color": "#005096", "link_opens_in_new_window": false}], "zone": null, "department": null, "reviews": {"is_enabled": true, "product_uid": "7710191", "total": 118, "average_rating": 3.7288}, "breadcrumbs": [], "assets": {"plp_image": "https://assets.sainsburys-groceries.co.uk/gol/7710191/image.jpg", "images": [], "video": []}, "description": [], "important_information": ["The above details have been prepared to help you select suitable products. Products and their ingredients are liable to change.", "<strong>You should always read the label before consuming or using the product and never rely solely on the information presented here.", "If you require specific advice on any Sainsbury's branded product, please contact our Customer Careline on 0800 636262. For all other products, please contact the manufacturer, whose details will appear on the packaging or label. Sainsbury's is therefore unable to accept liability for any incorrect information.", "You should also note that the picture / images show only our serving suggestions of how to serve or prepare your food \u2013 all accessories and additional items and/or ingredients pictured with the product you are purchasing are not included.", "This information is supplied for your personal use only. It may not be reproduced in any way without the prior consent of Sainsbury's Supermarkets Ltd and due acknowledgement"], "attachments": [], "categories": [{"id": "428905", "name": "Speciality & continental cheese"}, {"id": "450503", "name": "Curry night"}, {"id": "549859", "name": "Asian"}], "attributes": {"brand": ["Savera"]}, "is_supply_chain_orderable": false, "display_icons": ["Chilled"], "pdp_deep_link": "/shop/ProductDisplay?storeId=10151&langId=44&productId=657918"}, {"product_uid": "7709113", "favourite_uid": null, "eans": ["7622210317629"], "product_type": "BASIC", "name": "Dairylea Cheese Spread Triangles x8 125g", "image": "https://www.sainsburys.co.uk/wcsstore/ExtendedSitesCatalogAssetStore/images/catalog/productImages/29/7622210317629/7622210317629_L.jpeg", "image_zoom": null, "image_thumbnail": "https://www.sainsburys.co.uk/wcsstore/ExtendedSitesCatalogAssetStore/images/catalog/productImages/29/7622210317629/7622210317629_M.jpeg", "image_thumbnail_small": "https://www.sainsburys.co.uk/wcsstore/ExtendedSitesCatalogAssetStore/images/catalog/productImages/29/7622210317629/7622210317629_S.jpeg", "full_url": "https://www.sainsburys.co.uk/shop/gb/groceries/product/details/dairylea-triangles-x8-125g", "unit_price": {"price": 14, "measure": "kg", "measure_amount": 1}, "retail_price": {"price": 1.75, "measure": "unit"}, "is_available": true, "promotions": [], "associations": [], "is_alcoholic": false, "is_spotlight": false, "is_intolerant": false, "is_mhra": false, "badges": [], "labels": [{"label_uid": "Chilled", "text": "Chilled", "alt_text": "Chilled", "color": "#005096", "link_opens_in_new_window": false}], "zone": null, "department": null, "reviews": {"is_enabled": true, "product_uid": "7709113", "total": 57, "average_rating": 4.5439}, "breadcrumbs": [], "assets": {"plp_image": "https://assets.sainsburys-groceries.co.uk/gol/7709113/image.jpg", "images": [], "video": []}, "description": [], "important_information": ["The above details have been prepared to help you select suitable products. Products and their ingredients are liable to change.", "<strong>You should always read the label before consuming or using the product and never rely solely on the information presented here.", "If you require specific advice on any Sainsbury's branded product, please contact our Customer Careline on 0800 636262. For all other products, please contact the manufacturer, whose details will appear on the packaging or label. Sainsbury's is therefore unable to accept liability for any incorrect information.", "You should also note that the picture / images show only our serving suggestions of how to serve or prepare your food \u2013 all accessories and additional items and/or ingredients pictured with the product you are purchasing are not included.", "This information is supplied for your personal use only. It may not be reproduced in any way without the prior consent of Sainsbury's Supermarkets Ltd and due acknowledgement"], "attachments": [], "categories": [{"id": "606863", "name": "Win a \u00a310 off train tickets with Dairylea"}, {"id": "649357", "name": "Lunch and snacks"}, {"id": "428909", "name": "Snacking & lunchbox cheese"}], "attributes": {"brand": ["Dairylea"]}, "is_supply_chain_orderable": false, "display_icons": ["Chilled"], "pdp_deep_link": "/shop/ProductDisplay?storeId=10151&langId=44&productId=652454"}, {"product_uid": "7571526", "favourite_uid": null, "eans": ["0000001847758"], "product_type": "BASIC", "name": "Sainsbury's Spanish Manchego Cheese, Taste the Difference 170g", "image": "https://www.sainsburys.co.uk/wcsstore/ExtendedSitesCatalogAssetStore/images/catalog/productImages/58/0000001847758/0000001847758_L.jpeg", "image_zoom": null, "image_thumbnail": "https://www.sainsburys.co.uk/wcsstore/ExtendedSitesCatalogAssetStore/images/catalog/productImages/58/0000001847758/0000001847758_M.jpeg", "image_thumbnail_small": "https://www.sainsburys.co.uk/wcsstore/ExtendedSitesCatalogAssetStore/images/catalog/productImages/58/0000001847758/0000001847758_S.jpeg", "full_url": "https://www.sainsburys.co.uk/shop/gb/groceries/product/details/sainsburys-spanish-manchego--taste-the-difference-170g", "unit_price": {"price": 25.59, "measure": "kg", "measure_amount": 1}, "retail_price": {"price": 2.9, "measure": "unit"}, "nectar_price": {"retail_price": 2.9, "unit_price": 17.06, "measure": "unit", "url": "https://www.sainsburys.co.uk/shop/gb/groceries/new---trending/nectar-prices", "category_seo_url": "gb/groceries/new---trending/nectar-prices"}, "is_available": true, "promotions": [{"promotion_uid": "10714384", "icon": "https://www.sainsburys.co.uk/wcsstore/Sainsburys/Promotion assets/Promotion icons/Buy_X_For_Y_Amt_S_Icon.gif", "link": "/gol-ui/promo-lister/10714384", "strap_line": "Save 1/3 with Nectar", "start_date": "2025-12-10T00:00:00Z", "end_date": "2025-12-31T00:00:00Z", "original_price": 4.35, "promo_mechanic_id": "99", "is_nectar": true, "promo_type": "SIMPLE_FIXED_PRICE", "promo_group": "simple", "is_valid_strapline": true, "discount_percentage": 33, "discount_filters": "discount_percentage=33"}], "associations": [], "is_alcoholic": false, "is_spotlight": false, "is_intolerant": false, "is_mhra": false, "badges": [], "labels": [{"label_uid": "Chilled", "text": "Chilled", "alt_text": "Chilled", "color": "#005096", "link_opens_in_new_window": false}], "zone": null, "department": null, "reviews": {"is_enabled": true, "product_uid": "7571526", "total": 24, "average_rating": 3.75}, "breadcrumbs": [], "assets": {"plp_image": "https://assets.sainsburys-groceries.co.uk/gol/7571526/image.jpg", "images": [], "video": []}, "description": [], "important_information": ["The above details have been prepared to help you select suitable products. Products and their ingredients are liable to change.", "<strong>You should always read the label before consuming or using the product and never rely solely on the information presented here.", "If you require specific advice on any Sainsbury's branded product, please contact our Customer Careline on 0800 636262. For all other products, please contact the manufacturer, whose details will appear on the packaging or label. Sainsbury's is therefore unable to accept liability for any incorrect information.", "You should also note that the picture / images show only our serving suggestions of how to serve or prepare your food \u2013 all accessories and additional items and/or ingredients pictured with the product you are purchasing are not included.", "This information is supplied for your personal use only. It may not be reproduced in any way without the prior consent of Sainsbury's Supermarkets Ltd and due acknowledgement"], "attachments": [], "categories": [{"id": "651360", "name": "Mediterranean food"}, {"id": "410368", "name": "Special offers"}, {"id": "428374", "name": "Special offers"}, {"id": "428376", "name": "Special offers"}, {"id": "428905", "name": "Speciality & continental cheese"}, {"id": "456856", "name": "Special offers"}, {"id": "460386", "name": "Perfect for cheeseboards"}, {"id": "481357", "name": "Dine in"}, {"id": "561852", "name": "Build a Cheeseboard"}], "header": {"text": "Nectar price", "type": "NECTAR"}, "attributes": {"brand": ["Taste the Difference", "Sainsbury's"]}, "is_supply_chain_orderable": false, "display_icons": ["Chilled"], "pdp_deep_link": "/shop/ProductDisplay?storeId=10151&langId=44&productId=125928"}, {"product_uid": "7224099", "favourite_uid": null, "eans": ["5060042641437"], "product_type": "BASIC", "name": "Tyrrells Cheddar Cheese & Chive Sharing Crisps 150g", "image": "https://www.sainsburys.co.uk/wcsstore/ExtendedSitesCatalogAssetStore/images/catalog/productImages/37/5060042641437/5060042641437_L.jpeg", "image_zoom": null, "image_thumbnail": "https://www.sainsburys.co.uk/wcsstore/ExtendedSitesCatalogAssetStore/images/catalog/productImages/37/5060042641437/5060042641437_M.jpeg", "image_thumbnail_small": "https://www.sainsburys.co.uk/wcsstore/ExtendedSitesCatalogAssetStore/images/catalog/productImages/37/5060042641437/5060042641437_S.jpeg", "full_url": "https://www.sainsburys.co.uk/shop/gb/groceries/product/details/tyrrells-cheddar-cheese---chive-crisps-150g", "unit_price": {"price": 1.83, "measure": "g", "measure_amount": 100}, "retail_price": {"price": 2.75, "measure": "unit"}, "is_available": true, "promotions": [], "associations": [], "is_alcoholic": false, "is_spotlight": false, "is_intolerant": false, "is_mhra": false, "badges": [], "labels": [], "zone": null, "department": null, "reviews": {"is_enabled": true, "product_uid": "7224099", "total": 121, "average_rating": 4.7438}, "breadcrumbs": [], "assets": {"plp_image": "https://assets.sainsburys-groceries.co.uk/gol/7224099/image.jpg", "images": [], "video": []}, "description": [], "important_information": ["The above details have been prepared to help you select suitable products. Products and their ingredients are liable to change.", "<strong>You should always read the label before consuming or using the product and never rely solely on the information presented here.", "If you require specific advice on any Sainsbury's branded product, please contact our Customer Careline on 0800 636262. For all other products, please contact the manufacturer, whose details will appear on the packaging or label. Sainsbury's is therefore unable to accept liability for any incorrect information.", "You should also note that the picture / images show only our serving suggestions of how to serve or prepare your food \u2013 all accessories and additional items and/or ingredients pictured with the product you are purchasing are not included.", "This information is supplied for your personal use only. It may not be reproduced in any way without the prior consent of Sainsbury's Supermarkets Ltd and due acknowledgement"], "attachments": [], "categories": [{"id": "607914", "name": "Snacks and Sharing"}, {"id": "629856", "name": "The season for sharing with KP"}, {"id": "607911", "name": "Enjoy Summer whatever the weather"}, {"id": "607881", "name": "Snacks & Nibbles"}, {"id": "607859", "name": "Picnic & nibbles"}, {"id": "606857", "name": "Win with Tyrrells"}, {"id": "18675", "name": "Special offers"}, {"id": "288320", "name": "All"}, {"id": "410376", "name": "Special offers"}, {"id": "410368", "name": "Special offers"}, {"id": "410380", "name": "Special offers"}, {"id": "432369", "name": "New"}, {"id": "432368", "name": "Special offers"}, {"id": "438356", "name": "Craft beer & snacks"}, {"id": "440353", "name": "Time for tennis"}, {"id": "448868", "name": "New"}, {"id": "454370", "name": "Special offers"}, {"id": "454372", "name": "Special offers"}, {"id": "456856", "name": "Special offers"}, {"id": "460391", "name": "Crisps & savoury snacks"}, {"id": "474586", "name": "All Summer"}, {"id": "492872", "name": "Win with Tyrrells"}, {"id": "498359", "name": "10x Nectar points"}, {"id": "521853", "name": "Win with Tyrrells"}, {"id": "577854", "name": "Win with Tyrrell's"}, {"id": "577864", "name": "Nectar Prices"}, {"id": "577863", "name": "Special offers"}, {"id": "584354", "name": "Sizzling Summer combos"}], "attributes": {"brand": ["Tyrrells"]}, "is_supply_chain_orderable": false, "display_icons": [], "pdp_deep_link": "/shop/ProductDisplay?storeId=10151&langId=44&productId=96406"}, {"product_uid": "7535054", "favourite_uid": null, "eans": ["5018929050926", "5000165035607"], "product_type": "BASIC", "name": "Pilgrims Choice Mature Cheddar Cheese 350g", "image": "https://www.sainsburys.co.uk/wcsstore/ExtendedSitesCatalogAssetStore/images/catalog/productImages/07/5000165035607/5000165035607_L.jpeg", "image_zoom": null, "image_thumbnail": "https://www.sainsburys.co.uk/wcsstore/ExtendedSitesCatalogAssetStore/images/catalog/productImages/07/5000165035607/5000165035607_M.jpeg", "image_thumbnail_small": "https://www.sainsburys.co.uk/wcsstore/ExtendedSitesCatalogAssetStore/images/catalog/productImages/07/5000165035607/5000165035607_S.jpeg", "full_url": "https://www.sainsburys.co.uk/shop/gb/groceries/product/details/pilgrims-choice-mature-cheddar-350g", "unit_price": {"price": 12, "measure": "kg", "measure_amount": 1}, "retail_price": {"price": 3, "measure": "unit"}, "nectar_price": {"retail_price": 3, "unit_price": 8.57, "measure": "unit", "url": "https://www.sainsburys.co.uk/shop/gb/groceries/new---trending/nectar-prices", "category_seo_url": "gb/groceries/new---trending/nectar-prices"}, "is_available": true, "promotions": [{"promotion_uid": "10718818", "icon": "https://www.sainsburys.co.uk/wcsstore/Sainsburys/Promotion assets/Promotion icons/Buy_X_For_Y_Amt_S_Icon.gif", "link": "/gol-ui/promo-lister/10718818", "strap_line": "Buy 1 for 3", "start_date": "2025-12-10T00:00:00Z", "end_date": "2025-12-31T00:00:00Z", "original_price": 4.2, "promo_mechanic_id": "99", "is_nectar": true, "promo_type": "SIMPLE_FIXED_PRICE", "promo_group": "simple"}], "associations": [], "is_alcoholic": false, "is_spotlight": false, "is_intolerant": false, "is_mhra": false, "badges": [], "labels": [{"label_uid": "Chilled", "text": "Chilled", "alt_text": "Chilled", "color": "#005096", "link_opens_in_new_window": false}], "zone": null, "department": null, "reviews": {"is_enabled": true, "product_uid": "7535054", "total": 15, "average_rating": 3.5333}, "breadcrumbs": [], "assets": {"plp_image": "https://assets.sainsburys-groceries.co.uk/gol/7535054/image.jpg", "images": [], "video": []}, "description": [], "important_information": ["The above details have been prepared to help you select suitable products. Products and their ingredients are liable to change.", "<strong>You should always read the label before consuming or using the product and never rely solely on the information presented here.", "If you require specific advice on any Sainsbury's branded product, please contact our Customer Careline on 0800 636262. For all other products, please contact the manufacturer, whose details will appear on the packaging or label. Sainsbury's is therefore unable to accept liability for any incorrect information.", "You should also note that the picture / images show only our serving suggestions of how to serve or prepare your food \u2013 all accessories and additional items and/or ingredients pictured with the product you are purchasing are not included.", "This information is supplied for your personal use only. It may not be reproduced in any way without the prior consent of Sainsbury's Supermarkets Ltd and due acknowledgement"], "attachments": [], "categories": [{"id": "428374", "name": "Special offers"}, {"id": "428376", "name": "Special offers"}, {"id": "428900", "name": "Cheddar & British regional cheese"}, {"id": "474592", "name": "Dairy & chilled essentials"}, {"id": "561852", "name": "Build a Cheeseboard"}], "header": {"text": "Nectar price", "type": "NECTAR"}, "attributes": {"brand": ["Pilgrims Choice"]}, "is_supply_chain_orderable": false, "display_icons": ["Chilled"], "pdp_deep_link": "/shop/ProductDisplay?storeId=10151&langId=44&productId=123382"}], "controls": {"sort": {"active": "FAVOURITES_FIRST", "options": [{"display": "Relevance", "value": "FAVOURITES_FIRST"}, {"display": "Price - Low to High", "value": "PRICE_ASC"}, {"display": "Price - High to Low", "value": "PRICE_DESC"}, {"display": "Product Name - A to Z", "value": "NAME_ASC"}, {"display": "Product Name - Z to A", "value": "NAME_DESC"}, {"display": "Top Sellers", "value": "TOP_SELLERS"}, {"display": "Ratings - High to Low", "value": "RATINGS_DESC"}]}, "total_record_count": 791, "returned_record_count": 100, "page": {"active": 1, "first": 1, "last": 8, "size": 100, "size_options": [30, 60, 90]}, "filters": [{"key": "nav_Filter-Your-Results", "label": "Filter Your Results", "type": "MULTI_SELECT", "values": [{"id": "87", "label": "Favourites", "value": "Favourites", "selected": false, "enabled": false}, {"id": "86", "label": "New", "value": "New", "selected": false, "enabled": true}, {"id": "88", "label": "Offers & Nectar Prices", "value": "Offers", "selected": false, "enabled": true}]}, {"key": "nav_Brand", "label": "Brand", "type": "MULTI_SELECT", "values": [{"id": "887", "label": "Sainsbury's", "value": "Sainsbury's", "selected": false, "enabled": true}, {"id": "4294966346", "label": "Taste the Difference", "value": "Taste-the-Difference", "selected": false, "enabled": true}, {"id": "4294965349", "label": "Jacob's", "value": "Jacob's", "selected": false, "enabled": true}, {"id": "4294963257", "label": "Cathedral City", "value": "Cathedral-City", "selected": false, "enabled": true}, {"id": "4294965046", "label": "Dairylea", "value": "Dairylea", "selected": false, "enabled": true}, {"id": "4294964976", "label": "Ryvita", "value": "Ryvita", "selected": false, "enabled": true}, {"id": "4294948135", "label": "Stamford Street Co.", "value": "Stamford-Street-Co.", "selected": false, "enabled": true}, {"id": "4294965901", "label": "Walkers", "value": "Walkers", "selected": false, "enabled": true}, {"id": "4294965716", "label": "Philadelphia", "value": "Philadelphia", "selected": false, "enabled": true}, {"id": "4294965216", "label": "Pilgrims Choice", "value": "Pilgrims-Choice", "selected": false, "enabled": true}, {"id": "4294961463", "label": "Peter's Yard", "value": "Peter's-Yard", "selected": false, "enabled": true}, {"id": "4294962846", "label": "Babybel", "value": "Babybel", "selected": false, "enabled": true}, {"id": "4294966130", "label": "Batchelors", "value": "Batchelors", "selected": false, "enabled": true}, {"id": "4294963481", "label": "Carr's", "value": "Carr's", "selected": false, "enabled": true}, {"id": "4294966079", "label": "Nairn's", "value": "Nairn's", "selected": false, "enabled": true}, {"id": "4294957863", "label": "Strings & Things", "value": "Strings-__and__-Things", "selected": false, "enabled": true}, {"id": "4294961540", "label": "Violife", "value": "Violife", "selected": false, "enabled": true}, {"id": "4294962803", "label": "Boursin", "value": "Boursin", "selected": false, "enabled": true}, {"id": "4294962918", "label": "Castello", "value": "Castello", "selected": false, "enabled": true}, {"id": "4294947156", "label": "Cheez-It", "value": "Cheez_-_It", "selected": false, "enabled": true}]}, {"key": "diet_Dietary_and_Lifestyle_Options", "label": "Dietary and Lifestyle Options", "type": "MULTI_SELECT", "values": [{"id": "4294962868", "label": "Egg free", "value": "Egg-free", "selected": false, "enabled": true}, {"id": "4294966277", "label": "Cannot be Microwaved", "value": "CannotBeMicrowaved", "selected": false, "enabled": true}, {"id": "4294966334", "label": "Do Not Freeze", "value": "DoNotFreeze", "selected": false, "enabled": true}, {"id": "4294965889", "label": "Gluten free", "value": "Gluten-free", "selected": false, "enabled": true}, {"id": "4294966338", "label": "Halal", "value": "Halal", "selected": false, "enabled": true}, {"id": "4294966168", "label": "Keep Frozen", "value": "KeepFrozen", "selected": false, "enabled": true}, {"id": "4294966372", "label": "Keep Refrigerated", "value": "KeepRefrigerated", "selected": false, "enabled": true}, {"id": "4294966337", "label": "Kosher", "value": "Kosher", "selected": false, "enabled": true}, {"id": "4294966369", "label": "Low Salt", "value": "Low-Salt", "selected": false, "enabled": true}, {"id": "4294965888", "label": "Milk free", "value": "Milk-free", "selected": false, "enabled": true}, {"id": "4294966368", "label": "No Added Salt", "value": "NoAddedSalt", "selected": false, "enabled": true}, {"id": "4294966391", "label": "No Added Sugar", "value": "NoAddedSugar", "selected": false, "enabled": true}, {"id": "4294965801", "label": "Not Suitable for Home Freezing", "value": "NotSuitableforFreezing", "selected": false, "enabled": true}, {"id": "4294966045", "label": "Organic", "value": "Organic", "selected": false, "enabled": true}, {"id": "4294966164", "label": "Suitable for Coeliacs", "value": "SuitableforCoeliacs", "selected": false, "enabled": true}, {"id": "4294966347", "label": "Suitable for Home Freezing", "value": "SuitableForHomeFreezing", "selected": false, "enabled": true}, {"id": "4294966367", "label": "Suitable for Vegans", "value": "Vegans", "selected": false, "enabled": true}, {"id": "4294966409", "label": "Suitable for Vegetarians", "value": "Vegetarians", "selected": false, "enabled": true}, {"id": "4294965887", "label": "Wheat free", "value": "Wheat-free", "selected": false, "enabled": true}]}, {"key": "cat_Category", "label": "Category", "type": "SINGLE_SELECT", "values": [{"label": "All Categories", "value": "all", "selected": true, "enabled": true}, {"id": "11651", "label": "Baby & toddler", "value": "baby-toddler-products", "selected": false, "enabled": true}, {"id": "12320", "label": "Bakery", "value": "bakery", "selected": false, "enabled": true}, {"id": "428866", "label": "Dairy, eggs & chilled", "value": "dairy-eggs-and-chilled", "selected": false, "enabled": true}, {"id": "453878", "label": "Dietary & world foods", "value": "dietary-and-lifestyle", "selected": false, "enabled": true}, {"id": "12192", "label": "Drinks", "value": "drinks", "selected": false, "enabled": true}, {"id": "12422", "label": "Food cupboard", "value": "food-cupboard", "selected": false, "enabled": true}, {"id": "218831", "label": "Frozen", "value": "frozen-", "selected": false, "enabled": true}, {"id": "12518", "label": "Fruit & vegetables", "value": "fruit-veg", "selected": false, "enabled": true}, {"id": "281806", "label": "Homeware & outdoor", "value": "home", "selected": false, "enabled": true}, {"id": "13343", "label": "Meat & fish", "value": "meat-fish", "selected": false, "enabled": true}, {"id": "616852", "label": "Occasions", "value": "occasions", "selected": false, "enabled": true}, {"id": "12298", "label": "Pet", "value": "pet", "selected": false, "enabled": true}, {"id": "355372", "label": "Seasonal inspiration", "value": "new---trending", "selected": false, "enabled": true}]}, {"key": "subcat_SubCategory", "label": "SubCategory", "type": "SINGLE_SELECT", "values": [{"label": "All Subcategories", "value": "all", "selected": true, "enabled": false}]}, {"key": "aisle_Aisle", "label": "Aisle", "type": "SINGLE_SELECT", "values": [{"label": "All Aisles", "value": "all", "selected": true, "enabled": false}]}, {"key": "shelf_Shelf", "label": "Shelf", "type": "SINGLE_SELECT", "values": [{"label": "All Shelves", "value": "all", "selected": true, "enabled": false}]}]}}