[
	{
		"data": {
			"search": {
				"pageInformation": {
					"totalCount": 583,
					"pageNo": 1,
					"pageId": null,
					"count": 101,
					"pageSize": 100,
					"matchType": "exact",
					"offset": 0,
					"query": {
						"searchTerm": "cheese",
						"actualTerm": "cheese",
						"queryPhase": "primary",
						"__typename": "QueryType"
					},
					"__typename": "ListInfoType"
				},
				"results": [
					{
						"node": {
							"typename": "ProductType",
							"context": null,
							"__typename": "ProductType",
							"sellers": {
								"__typename": "ProductSellers",
								"results": [
									{
										"id": "250692966",
										"__typename": "ProductType",
										"isForSale": true,
										"status": "AvailableForSale",
										"seller": null,
										"price": {
											"price": 2.95,
											"unitPrice": 19.67,
											"unitOfMeasure": "kg",
											"actual": 2.95,
											"__typename": "PriceType"
										},
										"promotions": [],
										"fulfilment": null
									}
								]
							},
							"id": "250692966",
							"tpnb": "52195737",
							"tpnc": "250692966",
							"gtin": "03175460000017",
							"adId": "display_KjR2TbVJJuDovrW5z6qrm9dGUJYKCgoINTIxOTU3MzcSABoLCMHnh8oGEMyipHQiAggB",
							"baseProductId": "52195737",
							"title": "Boursin Garlic & Herbs Soft Cheese 150g",
							"brandName": "boursin",
							"shortDescription": null,
							"defaultImageUrl": "https://digitalcontent.api.tesco.com/v2/media/ghs/07692627-37e0-4718-b37b-2b31b820848d/13e7989f-3a93-47e3-af5f-3d774c8f17ef.jpeg?h=225&w=225",
							"superDepartmentId": "b;RnJlc2glMjBGb29k",
							"media": {
								"defaultImage": {
									"aspectRatio": null,
									"__typename": "ProductMediaDefaultImageType"
								},
								"__typename": "ProductMediaType"
							},
							"quantityInBasket": null,
							"superDepartmentName": "Fresh Food",
							"departmentId": "b;RnJlc2glMjBGb29kJTdDQ2hlZXNl",
							"departmentName": "Cheese",
							"aisleId": "b;RnJlc2glMjBGb29kJTdDQ2hlZXNlJTdDU3BlY2lhbHR5JTIwJiUyMENvbnRpbmVudGFsJTIwQ2hlZXNl",
							"aisleName": "Specialty & Continental Cheese",
							"shelfId": "b;RnJlc2glMjBGb29kJTdDQ2hlZXNlJTdDU3BlY2lhbHR5JTIwJiUyMENvbnRpbmVudGFsJTIwQ2hlZXNlJTdDU29mdCUyMENvbnRpbmVudGFsJTIwQ2hlZXNl",
							"shelfName": "Soft Continental Cheese",
							"displayType": "Quantity",
							"productType": "SingleProduct",
							"averageWeight": 0,
							"bulkBuyLimit": 25,
							"maxQuantityAllowed": 25,
							"groupBulkBuyLimit": 0,
							"bulkBuyLimitMessage": "You are able to buy a maximum of 25 of this item",
							"bulkBuyLimitGroupId": "G00000053",
							"timeRestrictedDelivery": null,
							"restrictedDelivery": null,
							"isInFavourites": null,
							"isNew": false,
							"isRestrictedOrderAmendment": null,
							"maxWeight": 0,
							"minWeight": 0,
							"increment": 0,
							"details": {
								"components": [
									{
										"isLowEverydayPricing": false,
										"__typename": "AdditionalInfo"
									}
								],
								"__typename": "ProductDetailsType"
							},
							"catchWeightList": null,
							"restrictions": [],
							"reviews": {
								"stats": {
									"noOfReviews": 15,
									"overallRating": 5,
									"overallRatingRange": 5,
									"__typename": "ReviewStatsType"
								},
								"__typename": "ReviewsType"
							},
							"modelMetadata": null
						},
						"__typename": "CompositeResultType"
					},
					{
						"node": {
							"typename": "ProductType",
							"context": null,
							"__typename": "ProductType",
							"sellers": {
								"__typename": "ProductSellers",
								"results": [
									{
										"id": "307353982",
										"__typename": "ProductType",
										"isForSale": true,
										"status": "AvailableForSale",
										"seller": null,
										"price": {
											"price": 2.89,
											"unitPrice": 14.45,
											"unitOfMeasure": "kg",
											"actual": 2.89,
											"__typename": "PriceType"
										},
										"promotions": [],
										"fulfilment": null
									}
								]
							},
							"id": "307353982",
							"tpnb": "88317989",
							"tpnc": "307353982",
							"gtin": "03073781081909",
							"adId": "display_dR5LhTVoCdJlidNvN4-0TPhVylIKCgoIODgzMTc5ODkSABoLCMHnh8oGEOK5pXQiAggB",
							"baseProductId": "88317989",
							"title": "Mini Babybel Light Cheese Snacks 10 X 20G 200G",
							"brandName": "BEL",
							"shortDescription": null,
							"defaultImageUrl": "https://digitalcontent.api.tesco.com/v2/media/ghs/a4812392-7b5c-414e-99e8-d562646682f1/4a503926-2a1d-46e0-bdd0-5f3702557474_1479635264.jpeg?h=225&w=225",
							"superDepartmentId": "b;RnJlc2glMjBGb29k",
							"media": {
								"defaultImage": {
									"aspectRatio": null,
									"__typename": "ProductMediaDefaultImageType"
								},
								"__typename": "ProductMediaType"
							},
							"quantityInBasket": null,
							"superDepartmentName": "Fresh Food",
							"departmentId": "b;RnJlc2glMjBGb29kJTdDQ2hlZXNl",
							"departmentName": "Cheese",
							"aisleId": "b;RnJlc2glMjBGb29kJTdDQ2hlZXNlJTdDQ2hlZXNlJTIwU25hY2tpbmclMjAmJTIwTHVuY2hib3g=",
							"aisleName": "Cheese Snacking & Lunchbox",
							"shelfId": "b;RnJlc2glMjBGb29kJTdDQ2hlZXNlJTdDQ2hlZXNlJTIwU25hY2tpbmclMjAmJTIwTHVuY2hib3glN0NDaGVlc2UlMjBTbmFja2luZyUyMCYlMjBNaW5pcw==",
							"shelfName": "Cheese Snacking & Minis",
							"displayType": "Quantity",
							"productType": "SingleProduct",
							"averageWeight": 0,
							"bulkBuyLimit": 4,
							"maxQuantityAllowed": 4,
							"groupBulkBuyLimit": 4,
							"bulkBuyLimitMessage": "You are able to order a maximum of 4 for this group of products",
							"bulkBuyLimitGroupId": "G00002598",
							"timeRestrictedDelivery": null,
							"restrictedDelivery": null,
							"isInFavourites": null,
							"isNew": false,
							"isRestrictedOrderAmendment": null,
							"maxWeight": 0,
							"minWeight": 0,
							"increment": 0,
							"details": {
								"components": [
									{
										"isLowEverydayPricing": false,
										"__typename": "AdditionalInfo"
									},
									{
										"competitors": [
											{
												"id": "ALDI",
												"priceMatch": {
													"isMatching": true,
													"__typename": "PriceMatch"
												},
												"__typename": "Competitor"
											}
										],
										"__typename": "CompetitorsInfo"
									}
								],
								"__typename": "ProductDetailsType"
							},
							"catchWeightList": null,
							"restrictions": [],
							"reviews": {
								"stats": {
									"noOfReviews": 51,
									"overallRating": 4.5,
									"overallRatingRange": 5,
									"__typename": "ReviewStatsType"
								},
								"__typename": "ReviewsType"
							},
							"modelMetadata": null
						},
						"__typename": "CompositeResultType"
					},
					{
						"node": {
							"typename": "ProductType",
							"context": null,
							"__typename": "ProductType",
							"sellers": {
								"__typename": "ProductSellers",
								"results": [
									{
										"id": "322059997",
										"__typename": "ProductType",
										"isForSale": true,
										"status": "AvailableForSale",
										"seller": null,
										"price": {
											"price": 1.95,
											"unitPrice": 16.25,
											"unitOfMeasure": "kg",
											"actual": 1.95,
											"__typename": "PriceType"
										},
										"promotions": [
											{
												"id": "95835996",
												"promotionType": null,
												"startDate": "2025-11-26T00:00:00Z",
												"endDate": "2025-12-19T00:00:00Z",
												"description": "\u00a31.25 Clubcard Price",
												"unitSellingInfo": "\u00a310.42/kg",
												"price": {
													"beforeDiscount": null,
													"afterDiscount": 1.95,
													"__typename": "PromotionPriceType"
												},
												"attributes": [
													"CLUBCARD_PRICING"
												],
												"__typename": "PromotionType"
											}
										],
										"fulfilment": null
									}
								]
							},
							"id": "322059997",
							"tpnb": "97019171",
							"tpnc": "322059997",
							"gtin": "03073781218718",
							"adId": "display_1zxHq7N9i_CmQhQwffnD97ME3b8KCgoIOTcwMTkxNzESABoLCMHnh8oGEOjapXQiAggB",
							"baseProductId": "97019171",
							"title": "The Laughing Cow Original Cheese Spread Triangles 8 x 120g",
							"brandName": "The Laughing Cow",
							"shortDescription": null,
							"defaultImageUrl": "https://digitalcontent.api.tesco.com/v2/media/ghs/3f4539ea-cb84-4e25-b487-fe8ffc784676/fb1eacaf-d297-4a40-ac94-4f734103d63e_641059814.jpeg?h=225&w=225",
							"superDepartmentId": "b;RnJlc2glMjBGb29k",
							"media": {
								"defaultImage": {
									"aspectRatio": null,
									"__typename": "ProductMediaDefaultImageType"
								},
								"__typename": "ProductMediaType"
							},
							"quantityInBasket": null,
							"superDepartmentName": "Fresh Food",
							"departmentId": "b;RnJlc2glMjBGb29kJTdDQ2hlZXNl",
							"departmentName": "Cheese",
							"aisleId": "b;RnJlc2glMjBGb29kJTdDQ2hlZXNlJTdDQ2hlZXNlJTIwU25hY2tpbmclMjAmJTIwTHVuY2hib3g=",
							"aisleName": "Cheese Snacking & Lunchbox",
							"shelfId": "b;RnJlc2glMjBGb29kJTdDQ2hlZXNlJTdDQ2hlZXNlJTIwU25hY2tpbmclMjAmJTIwTHVuY2hib3glN0NMdW5jaGJveCUyMENoZWVzZSUyMFRyaWFuZ2xlcw==",
							"shelfName": "Lunchbox Cheese Triangles",
							"displayType": "Quantity",
							"productType": "SingleProduct",
							"averageWeight": 0,
							"bulkBuyLimit": 99,
							"maxQuantityAllowed": 99,
							"groupBulkBuyLimit": 0,
							"bulkBuyLimitMessage": "Max allowed is 99.",
							"bulkBuyLimitGroupId": null,
							"timeRestrictedDelivery": null,
							"restrictedDelivery": null,
							"isInFavourites": null,
							"isNew": true,
							"isRestrictedOrderAmendment": null,
							"maxWeight": 0,
							"minWeight": 0,
							"increment": 0,
							"details": {
								"components": [
									{
										"isLowEverydayPricing": false,
										"__typename": "AdditionalInfo"
									}
								],
								"__typename": "ProductDetailsType"
							},
							"catchWeightList": null,
							"restrictions": [],
							"reviews": {
								"stats": {
									"noOfReviews": 31,
									"overallRating": 4.6,
									"overallRatingRange": 5,
									"__typename": "ReviewStatsType"
								},
								"__typename": "ReviewsType"
							},
							"modelMetadata": null
						},
						"__typename": "CompositeResultType"
					},
					{
						"node": {
							"typename": "ProductType",
							"context": null,
							"__typename": "ProductType",
							"sellers": {
								"__typename": "ProductSellers",
								"results": [
									{
										"id": "277925449",
										"__typename": "ProductType",
										"isForSale": true,
										"status": "AvailableForSale",
										"seller": null,
										"price": {
											"price": 5.3,
											"unitPrice": 9.64,
											"unitOfMeasure": "kg",
											"actual": 5.3,
											"__typename": "PriceType"
										},
										"promotions": [
											{
												"id": "96149170",
												"promotionType": null,
												"startDate": "2025-11-26T00:00:00Z",
												"endDate": "2025-12-25T00:00:00Z",
												"description": "\u00a34.00 Clubcard Price",
												"unitSellingInfo": "\u00a37.27/kg",
												"price": {
													"beforeDiscount": null,
													"afterDiscount": 5.3,
													"__typename": "PromotionPriceType"
												},
												"attributes": [
													"CLUBCARD_PRICING"
												],
												"__typename": "PromotionType"
											}
										],
										"fulfilment": null
									}
								]
							},
							"id": "277925449",
							"tpnb": "56367085",
							"tpnc": "277925449",
							"gtin": "05000295145054",
							"adId": null,
							"baseProductId": "56367085",
							"title": "Cathedral City Mature Cheddar Cheese 550 G",
							"brandName": "CATHEDRAL CITY",
							"shortDescription": null,
							"defaultImageUrl": "https://digitalcontent.api.tesco.com/v2/media/ghs/0e0d00d0-70f0-49d5-a84c-a2693e161f37/19e0c6f8-3831-4ad4-85d1-57c4515208a3.jpeg?h=225&w=225",
							"superDepartmentId": "b;RnJlc2glMjBGb29k",
							"media": {
								"defaultImage": {
									"aspectRatio": null,
									"__typename": "ProductMediaDefaultImageType"
								},
								"__typename": "ProductMediaType"
							},
							"quantityInBasket": null,
							"superDepartmentName": "Fresh Food",
							"departmentId": "b;RnJlc2glMjBGb29kJTdDQ2hlZXNl",
							"departmentName": "Cheese",
							"aisleId": "b;RnJlc2glMjBGb29kJTdDQ2hlZXNlJTdDQ2hlZGRhciUyMENoZWVzZQ==",
							"aisleName": "Cheddar Cheese",
							"shelfId": "b;RnJlc2glMjBGb29kJTdDQ2hlZXNlJTdDQ2hlZGRhciUyMENoZWVzZSU3Q01hdHVyZSUyMENoZWRkYXIlMjBDaGVlc2U=",
							"shelfName": "Mature Cheddar Cheese",
							"displayType": "Quantity",
							"productType": "SingleProduct",
							"averageWeight": 0,
							"bulkBuyLimit": 25,
							"maxQuantityAllowed": 25,
							"groupBulkBuyLimit": 0,
							"bulkBuyLimitMessage": "You are able to buy a maximum of 25 of this item",
							"bulkBuyLimitGroupId": "G00000216",
							"timeRestrictedDelivery": null,
							"restrictedDelivery": null,
							"isInFavourites": null,
							"isNew": false,
							"isRestrictedOrderAmendment": null,
							"maxWeight": 0,
							"minWeight": 0,
							"increment": 0,
							"details": {
								"components": [
									{
										"isLowEverydayPricing": false,
										"__typename": "AdditionalInfo"
									}
								],
								"__typename": "ProductDetailsType"
							},
							"catchWeightList": null,
							"restrictions": [],
							"reviews": {
								"stats": {
									"noOfReviews": 72,
									"overallRating": 4.2,
									"overallRatingRange": 5,
									"__typename": "ReviewStatsType"
								},
								"__typename": "ReviewsType"
							},
							"modelMetadata": null
						},
						"__typename": "CompositeResultType"
					},
					{
						"node": {
							"typename": "ProductType",
							"context": null,
							"__typename": "ProductType",
							"sellers": {
								"__typename": "ProductSellers",
								"results": [
									{
										"id": "258771630",
										"__typename": "ProductType",
										"isForSale": true,
										"status": "AvailableForSale",
										"seller": null,
										"price": {
											"price": 2.8,
											"unitPrice": 14,
											"unitOfMeasure": "kg",
											"actual": 2.8,
											"__typename": "PriceType"
										},
										"promotions": [
											{
												"id": "95515953",
												"promotionType": null,
												"startDate": "2025-11-10T00:00:00Z",
												"endDate": "2026-01-03T00:00:00Z",
												"description": "\u00a32.50 Clubcard Price",
												"unitSellingInfo": "\u00a312.50/kg",
												"price": {
													"beforeDiscount": null,
													"afterDiscount": 2.8,
													"__typename": "PromotionPriceType"
												},
												"attributes": [
													"CLUBCARD_PRICING"
												],
												"__typename": "PromotionType"
											}
										],
										"fulfilment": null
									}
								]
							},
							"id": "258771630",
							"tpnb": "56357498",
							"tpnc": "258771630",
							"gtin": "00000003062203",
							"adId": null,
							"baseProductId": "56357498",
							"title": "Tesco Wensleydale Cheese with Cranberries 200g",
							"brandName": "TESCO",
							"shortDescription": null,
							"defaultImageUrl": "https://digitalcontent.api.tesco.com/v2/media/ghs/20fce4ef-5d2b-4390-9fb2-92532d18f573/1257f9da-dd0c-4d9f-aa01-0ce412c243e9.jpeg?h=225&w=225",
							"superDepartmentId": "b;RnJlc2glMjBGb29k",
							"media": {
								"defaultImage": {
									"aspectRatio": null,
									"__typename": "ProductMediaDefaultImageType"
								},
								"__typename": "ProductMediaType"
							},
							"quantityInBasket": null,
							"superDepartmentName": "Fresh Food",
							"departmentId": "b;RnJlc2glMjBGb29kJTdDQ2hlZXNl",
							"departmentName": "Cheese",
							"aisleId": "b;RnJlc2glMjBGb29kJTdDQ2hlZXNlJTdDUmVnaW9uYWwlMjBDaGVlc2U=",
							"aisleName": "Regional Cheese",
							"shelfId": "b;RnJlc2glMjBGb29kJTdDQ2hlZXNlJTdDUmVnaW9uYWwlMjBDaGVlc2UlN0MlMjBXZW5zbGV5ZGFsZSUyMENoZWVzZQ==",
							"shelfName": " Wensleydale Cheese",
							"displayType": "Quantity",
							"productType": "SingleProduct",
							"averageWeight": 0,
							"bulkBuyLimit": 25,
							"maxQuantityAllowed": 25,
							"groupBulkBuyLimit": 0,
							"bulkBuyLimitMessage": "You are able to buy a maximum of 25 of this item",
							"bulkBuyLimitGroupId": "G00000216",
							"timeRestrictedDelivery": null,
							"restrictedDelivery": null,
							"isInFavourites": null,
							"isNew": false,
							"isRestrictedOrderAmendment": null,
							"maxWeight": 0,
							"minWeight": 0,
							"increment": 0,
							"details": {
								"components": [
									{
										"isLowEverydayPricing": false,
										"__typename": "AdditionalInfo"
									}
								],
								"__typename": "ProductDetailsType"
							},
							"catchWeightList": null,
							"restrictions": [],
							"reviews": {
								"stats": {
									"noOfReviews": 81,
									"overallRating": 4.6,
									"overallRatingRange": 5,
									"__typename": "ReviewStatsType"
								},
								"__typename": "ReviewsType"
							},
							"modelMetadata": null
						},
						"__typename": "CompositeResultType"
					},
					{
						"node": {
							"typename": "ProductType",
							"context": null,
							"__typename": "ProductType",
							"sellers": {
								"__typename": "ProductSellers",
								"results": [
									{
										"id": "311687892",
										"__typename": "ProductType",
										"isForSale": true,
										"status": "AvailableForSale",
										"seller": null,
										"price": {
											"price": 3.25,
											"unitPrice": 11.61,
											"unitOfMeasure": "kg",
											"actual": 3.25,
											"__typename": "PriceType"
										},
										"promotions": [
											{
												"id": "96235634",
												"promotionType": null,
												"startDate": "2025-12-10T00:00:00Z",
												"endDate": "2026-01-28T00:00:00Z",
												"description": "\u00a32.25 Clubcard Price",
												"unitSellingInfo": "\u00a38.04/kg",
												"price": {
													"beforeDiscount": null,
													"afterDiscount": 3.25,
													"__typename": "PromotionPriceType"
												},
												"attributes": [
													"CLUBCARD_PRICING"
												],
												"__typename": "PromotionType"
											}
										],
										"fulfilment": null
									}
								]
							},
							"id": "311687892",
							"tpnb": "89442406",
							"tpnc": "311687892",
							"gtin": "07622201695521",
							"adId": "display_FnCoRWyfc5W3ta5H4ZyGYPy-rrAKCgoIODk0NDI0MDYSABoLCMHnh8oGELL7pXQiAggB",
							"baseProductId": "89442406",
							"title": "Philadelphia Original Soft Cream Cheese 280G",
							"brandName": "PHILADELPHIA",
							"shortDescription": null,
							"defaultImageUrl": "https://digitalcontent.api.tesco.com/v2/media/ghs/2d266d92-fcb9-43ec-b0da-9d6560f17c77/f7c8be86-fa0c-4b32-a274-495884e20225_1844165659.jpeg?h=225&w=225",
							"superDepartmentId": "b;RnJlc2glMjBGb29k",
							"media": {
								"defaultImage": {
									"aspectRatio": null,
									"__typename": "ProductMediaDefaultImageType"
								},
								"__typename": "ProductMediaType"
							},
							"quantityInBasket": null,
							"superDepartmentName": "Fresh Food",
							"departmentId": "b;RnJlc2glMjBGb29kJTdDQ2hlZXNl",
							"departmentName": "Cheese",
							"aisleId": "b;RnJlc2glMjBGb29kJTdDQ2hlZXNlJTdDU29mdCUyMCYlMjBTcHJlYWRhYmxlJTIwQ2hlZXNl",
							"aisleName": "Soft & Spreadable Cheese",
							"shelfId": "b;RnJlc2glMjBGb29kJTdDQ2hlZXNlJTdDU29mdCUyMCYlMjBTcHJlYWRhYmxlJTIwQ2hlZXNlJTdDU29mdCUyMENoZWVzZSUyMCYlMjBDcmVhbSUyMENoZWVzZQ==",
							"shelfName": "Soft Cheese & Cream Cheese",
							"displayType": "Quantity",
							"productType": "SingleProduct",
							"averageWeight": 0,
							"bulkBuyLimit": 99,
							"maxQuantityAllowed": 99,
							"groupBulkBuyLimit": 0,
							"bulkBuyLimitMessage": "Max allowed is 99.",
							"bulkBuyLimitGroupId": null,
							"timeRestrictedDelivery": null,
							"restrictedDelivery": null,
							"isInFavourites": null,
							"isNew": false,
							"isRestrictedOrderAmendment": null,
							"maxWeight": 0,
							"minWeight": 0,
							"increment": 0,
							"details": {
								"components": [
									{
										"isLowEverydayPricing": false,
										"__typename": "AdditionalInfo"
									}
								],
								"__typename": "ProductDetailsType"
							},
							"catchWeightList": null,
							"restrictions": [],
							"reviews": {
								"stats": {
									"noOfReviews": 59,
									"overallRating": 4.6,
									"overallRatingRange": 5,
									"__typename": "ReviewStatsType"
								},
								"__typename": "ReviewsType"
							},
							"modelMetadata": null
						},
						"__typename": "CompositeResultType"
					},
					{
						"node": {
							"typename": "ProductType",
							"context": null,
							"__typename": "ProductType",
							"sellers": {
								"__typename": "ProductSellers",
								"results": [
									{
										"id": "305973280",
										"__typename": "ProductType",
										"isForSale": false,
										"status": "ExcludedProduct",
										"seller": null,
										"price": {
											"price": 3.35,
											"unitPrice": 8.38,
											"unitOfMeasure": "kg",
											"actual": 3.35,
											"__typename": "PriceType"
										},
										"promotions": [],
										"fulfilment": null
									}
								]
							},
							"id": "305973280",
							"tpnb": "87862223",
							"tpnc": "305973280",
							"gtin": "05057753934453",
							"adId": null,
							"baseProductId": "87862223",
							"title": "Tesco British Mild Cheddar Cheese 400G",
							"brandName": "TESCO",
							"shortDescription": null,
							"defaultImageUrl": "https://digitalcontent.api.tesco.com/v2/media/ghs/f112c769-3909-4785-bb6b-dbbd946507ce/26cfdf23-2e8b-4c49-ad3b-7aa3c54bffba.jpeg?h=225&w=225",
							"superDepartmentId": "b;RnJlc2glMjBGb29k",
							"media": {
								"defaultImage": {
									"aspectRatio": null,
									"__typename": "ProductMediaDefaultImageType"
								},
								"__typename": "ProductMediaType"
							},
							"quantityInBasket": null,
							"superDepartmentName": "Fresh Food",
							"departmentId": "b;RnJlc2glMjBGb29kJTdDQ2hlZXNl",
							"departmentName": "Cheese",
							"aisleId": "b;RnJlc2glMjBGb29kJTdDQ2hlZXNlJTdDQ2hlZGRhciUyMENoZWVzZQ==",
							"aisleName": "Cheddar Cheese",
							"shelfId": "b;RnJlc2glMjBGb29kJTdDQ2hlZXNlJTdDQ2hlZGRhciUyMENoZWVzZSU3Q01pbGQlMjBDaGVkZGFyJTIwQ2hlZXNl",
							"shelfName": "Mild Cheddar Cheese",
							"displayType": "Quantity",
							"productType": "SingleProduct",
							"averageWeight": 0,
							"bulkBuyLimit": 25,
							"maxQuantityAllowed": 25,
							"groupBulkBuyLimit": 0,
							"bulkBuyLimitMessage": "You are able to buy a maximum of 25 of this item",
							"bulkBuyLimitGroupId": "G00000053",
							"timeRestrictedDelivery": null,
							"restrictedDelivery": null,
							"isInFavourites": null,
							"isNew": false,
							"isRestrictedOrderAmendment": null,
							"maxWeight": 0,
							"minWeight": 0,
							"increment": 0,
							"details": {
								"components": [
									{
										"isLowEverydayPricing": false,
										"__typename": "AdditionalInfo"
									}
								],
								"__typename": "ProductDetailsType"
							},
							"catchWeightList": null,
							"restrictions": [
								{
									"type": "ExcludedProduct",
									"isViolated": true,
									"message": "This product is unavailable",
									"__typename": "ProductRestrictionType"
								}
							],
							"reviews": {
								"stats": {
									"noOfReviews": 77,
									"overallRating": 4.2,
									"overallRatingRange": 5,
									"__typename": "ReviewStatsType"
								},
								"__typename": "ReviewsType"
							},
							"modelMetadata": null
						},
						"__typename": "CompositeResultType"
					},
					{
						"node": {
							"typename": "ProductType",
							"context": null,
							"__typename": "ProductType",
							"sellers": {
								"__typename": "ProductSellers",
								"results": [
									{
										"id": "268903247",
										"__typename": "ProductType",
										"isForSale": true,
										"status": "AvailableForSale",
										"seller": null,
										"price": {
											"price": 4.2,
											"unitPrice": 12,
											"unitOfMeasure": "kg",
											"actual": 4.2,
											"__typename": "PriceType"
										},
										"promotions": [
											{
												"id": "96122213",
												"promotionType": null,
												"startDate": "2025-11-26T00:00:00Z",
												"endDate": "2025-12-19T00:00:00Z",
												"description": "\u00a33.00 Clubcard Price",
												"unitSellingInfo": "\u00a38.57/kg",
												"price": {
													"beforeDiscount": null,
													"afterDiscount": 4.2,
													"__typename": "PromotionPriceType"
												},
												"attributes": [
													"CLUBCARD_PRICING"
												],
												"__typename": "PromotionType"
											}
										],
										"fulfilment": null
									}
								]
							},
							"id": "268903247",
							"tpnb": "54471943",
							"tpnc": "268903247",
							"gtin": "05000165035614",
							"adId": null,
							"baseProductId": "54471943",
							"title": "Pilgrims Choice Extra Mature Cheddar Cheese 350 G",
							"brandName": "PILGRIMS CHOICE",
							"shortDescription": null,
							"defaultImageUrl": "https://digitalcontent.api.tesco.com/v2/media/ghs/ec852d3e-5d17-4872-955f-a15023890fcf/3bc95097-64a5-4658-a339-59b61cc7d595_1031354635.jpeg?h=225&w=225",
							"superDepartmentId": "b;RnJlc2glMjBGb29k",
							"media": {
								"defaultImage": {
									"aspectRatio": null,
									"__typename": "ProductMediaDefaultImageType"
								},
								"__typename": "ProductMediaType"
							},
							"quantityInBasket": null,
							"superDepartmentName": "Fresh Food",
							"departmentId": "b;RnJlc2glMjBGb29kJTdDQ2hlZXNl",
							"departmentName": "Cheese",
							"aisleId": "b;RnJlc2glMjBGb29kJTdDQ2hlZXNlJTdDQ2hlZGRhciUyMENoZWVzZQ==",
							"aisleName": "Cheddar Cheese",
							"shelfId": "b;RnJlc2glMjBGb29kJTdDQ2hlZXNlJTdDQ2hlZGRhciUyMENoZWVzZSU3Q0V4dHJhJTIwTWF0dXJlJTIwJiUyMFZpbnRhZ2UlMjBDaGVkZGFyJTIwQ2hlZXNl",
							"shelfName": "Extra Mature & Vintage Cheddar Cheese",
							"displayType": "Quantity",
							"productType": "SingleProduct",
							"averageWeight": 0,
							"bulkBuyLimit": 25,
							"maxQuantityAllowed": 25,
							"groupBulkBuyLimit": 0,
							"bulkBuyLimitMessage": "You are able to buy a maximum of 25 of this item",
							"bulkBuyLimitGroupId": "G00000216",
							"timeRestrictedDelivery": null,
							"restrictedDelivery": null,
							"isInFavourites": null,
							"isNew": false,
							"isRestrictedOrderAmendment": null,
							"maxWeight": 0,
							"minWeight": 0,
							"increment": 0,
							"details": {
								"components": [
									{
										"isLowEverydayPricing": false,
										"__typename": "AdditionalInfo"
									}
								],
								"__typename": "ProductDetailsType"
							},
							"catchWeightList": null,
							"restrictions": [],
							"reviews": {
								"stats": {
									"noOfReviews": 90,
									"overallRating": 3.5,
									"overallRatingRange": 5,
									"__typename": "ReviewStatsType"
								},
								"__typename": "ReviewsType"
							},
							"modelMetadata": null
						},
						"__typename": "CompositeResultType"
					},
					{
						"node": {
							"typename": "ProductType",
							"context": null,
							"__typename": "ProductType",
							"sellers": {
								"__typename": "ProductSellers",
								"results": [
									{
										"id": "268768873",
										"__typename": "ProductType",
										"isForSale": true,
										"status": "AvailableForSale",
										"seller": null,
										"price": {
											"price": 3.39,
											"unitPrice": 9.69,
											"unitOfMeasure": "kg",
											"actual": 3.39,
											"__typename": "PriceType"
										},
										"promotions": [],
										"fulfilment": null
									}
								]
							},
							"id": "268768873",
							"tpnb": "51738328",
							"tpnc": "268768873",
							"gtin": "05000295142893",
							"adId": null,
							"baseProductId": "51738328",
							"title": "Cathedral City Mature Cheddar Cheese 350 G",
							"brandName": "CATHEDRAL CITY",
							"shortDescription": null,
							"defaultImageUrl": "https://digitalcontent.api.tesco.com/v2/media/ghs/020b73bb-fb75-45d6-aced-00bd39f357b1/7d8f014f-d9fa-4df0-92ab-922dea766b5e.jpeg?h=225&w=225",
							"superDepartmentId": "b;RnJlc2glMjBGb29k",
							"media": {
								"defaultImage": {
									"aspectRatio": null,
									"__typename": "ProductMediaDefaultImageType"
								},
								"__typename": "ProductMediaType"
							},
							"quantityInBasket": null,
							"superDepartmentName": "Fresh Food",
							"departmentId": "b;RnJlc2glMjBGb29kJTdDQ2hlZXNl",
							"departmentName": "Cheese",
							"aisleId": "b;RnJlc2glMjBGb29kJTdDQ2hlZXNlJTdDQ2hlZGRhciUyMENoZWVzZQ==",
							"aisleName": "Cheddar Cheese",
							"shelfId": "b;RnJlc2glMjBGb29kJTdDQ2hlZXNlJTdDQ2hlZGRhciUyMENoZWVzZSU3Q01hdHVyZSUyMENoZWRkYXIlMjBDaGVlc2U=",
							"shelfName": "Mature Cheddar Cheese",
							"displayType": "Quantity",
							"productType": "SingleProduct",
							"averageWeight": 0,
							"bulkBuyLimit": 25,
							"maxQuantityAllowed": 25,
							"groupBulkBuyLimit": 0,
							"bulkBuyLimitMessage": "You are able to buy a maximum of 25 of this item",
							"bulkBuyLimitGroupId": "G00000216",
							"timeRestrictedDelivery": null,
							"restrictedDelivery": null,
							"isInFavourites": null,
							"isNew": false,
							"isRestrictedOrderAmendment": null,
							"maxWeight": 0,
							"minWeight": 0,
							"increment": 0,
							"details": {
								"components": [
									{
										"isLowEverydayPricing": false,
										"__typename": "AdditionalInfo"
									},
									{
										"competitors": [
											{
												"id": "ALDI",
												"priceMatch": {
													"isMatching": true,
													"__typename": "PriceMatch"
												},
												"__typename": "Competitor"
											}
										],
										"__typename": "CompetitorsInfo"
									}
								],
								"__typename": "ProductDetailsType"
							},
							"catchWeightList": null,
							"restrictions": [],
							"reviews": {
								"stats": {
									"noOfReviews": 20,
									"overallRating": 4.2,
									"overallRatingRange": 5,
									"__typename": "ReviewStatsType"
								},
								"__typename": "ReviewsType"
							},
							"modelMetadata": null
						},
						"__typename": "CompositeResultType"
					},
					{
						"node": {
							"typename": "ProductType",
							"context": null,
							"__typename": "ProductType",
							"sellers": {
								"__typename": "ProductSellers",
								"results": [
									{
										"id": "322246050",
										"__typename": "ProductType",
										"isForSale": true,
										"status": "AvailableForSale",
										"seller": null,
										"price": {
											"price": 2.95,
											"unitPrice": 12.29,
											"unitOfMeasure": "kg",
											"actual": 2.95,
											"__typename": "PriceType"
										},
										"promotions": [],
										"fulfilment": null
									}
								]
							},
							"id": "322246050",
							"tpnb": "96812068",
							"tpnc": "322246050",
							"gtin": "03073781218800",
							"adId": "display_md0YI8XCJAX56taQEcrGf81EoNIKCgoIOTY4MTIwNjgSABoLCMHnh8oGEKiepnQiAggB",
							"baseProductId": "96812068",
							"title": "The Laughing Cow 16 Light Cheese Spread 240g",
							"brandName": "The Laughing Cow",
							"shortDescription": null,
							"defaultImageUrl": "https://digitalcontent.api.tesco.com/v2/media/ghs/69959d0d-8f86-46ee-8223-43018957c54a/eb78df2f-7f77-4713-8f50-fc7c6b7c8f43_1470548367.jpeg?h=225&w=225",
							"superDepartmentId": "b;RnJlc2glMjBGb29k",
							"media": {
								"defaultImage": {
									"aspectRatio": null,
									"__typename": "ProductMediaDefaultImageType"
								},
								"__typename": "ProductMediaType"
							},
							"quantityInBasket": null,
							"superDepartmentName": "Fresh Food",
							"departmentId": "b;RnJlc2glMjBGb29kJTdDQ2hlZXNl",
							"departmentName": "Cheese",
							"aisleId": "b;RnJlc2glMjBGb29kJTdDQ2hlZXNlJTdDQ2hlZXNlJTIwU25hY2tpbmclMjAmJTIwTHVuY2hib3g=",
							"aisleName": "Cheese Snacking & Lunchbox",
							"shelfId": "b;RnJlc2glMjBGb29kJTdDQ2hlZXNlJTdDQ2hlZXNlJTIwU25hY2tpbmclMjAmJTIwTHVuY2hib3glN0NMdW5jaGJveCUyMENoZWVzZSUyMFNuYWNraW5nJTIwU3ByZWFk",
							"shelfName": "Lunchbox Cheese Snacking Spread",
							"displayType": "Quantity",
							"productType": "SingleProduct",
							"averageWeight": 0,
							"bulkBuyLimit": 99,
							"maxQuantityAllowed": 99,
							"groupBulkBuyLimit": 0,
							"bulkBuyLimitMessage": "Max allowed is 99.",
							"bulkBuyLimitGroupId": null,
							"timeRestrictedDelivery": null,
							"restrictedDelivery": null,
							"isInFavourites": null,
							"isNew": true,
							"isRestrictedOrderAmendment": null,
							"maxWeight": 0,
							"minWeight": 0,
							"increment": 0,
							"details": {
								"components": [
									{
										"isLowEverydayPricing": false,
										"__typename": "AdditionalInfo"
									}
								],
								"__typename": "ProductDetailsType"
							},
							"catchWeightList": null,
							"restrictions": [],
							"reviews": {
								"stats": {
									"noOfReviews": 31,
									"overallRating": 4.7,
									"overallRatingRange": 5,
									"__typename": "ReviewStatsType"
								},
								"__typename": "ReviewsType"
							},
							"modelMetadata": null
						},
						"__typename": "CompositeResultType"
					},
					{
						"node": {
							"typename": "ProductType",
							"context": null,
							"__typename": "ProductType",
							"sellers": {
								"__typename": "ProductSellers",
								"results": [
									{
										"id": "306665741",
										"__typename": "ProductType",
										"isForSale": true,
										"status": "AvailableForSale",
										"seller": null,
										"price": {
											"price": 3.35,
											"unitPrice": 8.38,
											"unitOfMeasure": "kg",
											"actual": 3.35,
											"__typename": "PriceType"
										},
										"promotions": [],
										"fulfilment": null
									}
								]
							},
							"id": "306665741",
							"tpnb": "87894790",
							"tpnc": "306665741",
							"gtin": "05057753902384",
							"adId": null,
							"baseProductId": "87894790",
							"title": "Tesco Extra Mature Cheddar Cheese 400G",
							"brandName": "TESCO",
							"shortDescription": null,
							"defaultImageUrl": "https://digitalcontent.api.tesco.com/v2/media/ghs/3404bf96-6edd-42de-8b3d-916516d15609/1e96e8fa-9e01-4756-9e7c-35d37204f8e2.jpeg?h=225&w=225",
							"superDepartmentId": "b;RnJlc2glMjBGb29k",
							"media": {
								"defaultImage": {
									"aspectRatio": null,
									"__typename": "ProductMediaDefaultImageType"
								},
								"__typename": "ProductMediaType"
							},
							"quantityInBasket": null,
							"superDepartmentName": "Fresh Food",
							"departmentId": "b;RnJlc2glMjBGb29kJTdDQ2hlZXNl",
							"departmentName": "Cheese",
							"aisleId": "b;RnJlc2glMjBGb29kJTdDQ2hlZXNlJTdDQ2hlZGRhciUyMENoZWVzZQ==",
							"aisleName": "Cheddar Cheese",
							"shelfId": "b;RnJlc2glMjBGb29kJTdDQ2hlZXNlJTdDQ2hlZGRhciUyMENoZWVzZSU3Q0V4dHJhJTIwTWF0dXJlJTIwJiUyMFZpbnRhZ2UlMjBDaGVkZGFyJTIwQ2hlZXNl",
							"shelfName": "Extra Mature & Vintage Cheddar Cheese",
							"displayType": "Quantity",
							"productType": "SingleProduct",
							"averageWeight": 0,
							"bulkBuyLimit": 25,
							"maxQuantityAllowed": 25,
							"groupBulkBuyLimit": 0,
							"bulkBuyLimitMessage": "You are able to buy a maximum of 25 of this item",
							"bulkBuyLimitGroupId": "G00000216",
							"timeRestrictedDelivery": null,
							"restrictedDelivery": null,
							"isInFavourites": null,
							"isNew": false,
							"isRestrictedOrderAmendment": null,
							"maxWeight": 0,
							"minWeight": 0,
							"increment": 0,
							"details": {
								"components": [
									{
										"isLowEverydayPricing": false,
										"__typename": "AdditionalInfo"
									}
								],
								"__typename": "ProductDetailsType"
							},
							"catchWeightList": null,
							"restrictions": [],
							"reviews": {
								"stats": {
									"noOfReviews": 99,
									"overallRating": 3.7,
									"overallRatingRange": 5,
									"__typename": "ReviewStatsType"
								},
								"__typename": "ReviewsType"
							},
							"modelMetadata": null
						},
						"__typename": "CompositeResultType"
					},
					{
						"node": {
							"typename": "ProductType",
							"context": null,
							"__typename": "ProductType",
							"sellers": {
								"__typename": "ProductSellers",
								"results": [
									{
										"id": "257349263",
										"__typename": "ProductType",
										"isForSale": true,
										"status": "AvailableForSale",
										"seller": null,
										"price": {
											"price": 2.85,
											"unitPrice": 14.25,
											"unitOfMeasure": "kg",
											"actual": 2.85,
											"__typename": "PriceType"
										},
										"promotions": [
											{
												"id": "94868746",
												"promotionType": null,
												"startDate": "2025-11-26T00:00:00Z",
												"endDate": "2025-12-19T00:00:00Z",
												"description": "\u00a32.25 Clubcard Price",
												"unitSellingInfo": "\u00a311.25/kg",
												"price": {
													"beforeDiscount": null,
													"afterDiscount": 2.85,
													"__typename": "PromotionPriceType"
												},
												"attributes": [
													"CLUBCARD_PRICING"
												],
												"__typename": "PromotionType"
											}
										],
										"fulfilment": null
									}
								]
							},
							"id": "257349263",
							"tpnb": "58617708",
							"tpnc": "257349263",
							"gtin": "03228020232028",
							"adId": null,
							"baseProductId": "58617708",
							"title": "Pr\u00e9sident French Brie Cheese 200g",
							"brandName": "PRESIDENT",
							"shortDescription": null,
							"defaultImageUrl": "https://digitalcontent.api.tesco.com/v2/media/ghs/530fc24c-77b8-40bb-8ac9-546e555f1d70/0980ac05-2150-4457-b55c-821df72ce9bf.jpeg?h=225&w=225",
							"superDepartmentId": "b;RnJlc2glMjBGb29k",
							"media": {
								"defaultImage": {
									"aspectRatio": null,
									"__typename": "ProductMediaDefaultImageType"
								},
								"__typename": "ProductMediaType"
							},
							"quantityInBasket": null,
							"superDepartmentName": "Fresh Food",
							"departmentId": "b;RnJlc2glMjBGb29kJTdDQ2hlZXNl",
							"departmentName": "Cheese",
							"aisleId": "b;RnJlc2glMjBGb29kJTdDQ2hlZXNlJTdDU3BlY2lhbHR5JTIwJiUyMENvbnRpbmVudGFsJTIwQ2hlZXNl",
							"aisleName": "Specialty & Continental Cheese",
							"shelfId": "b;RnJlc2glMjBGb29kJTdDQ2hlZXNlJTdDU3BlY2lhbHR5JTIwJiUyMENvbnRpbmVudGFsJTIwQ2hlZXNlJTdDU29mdCUyMENvbnRpbmVudGFsJTIwQ2hlZXNl",
							"shelfName": "Soft Continental Cheese",
							"displayType": "Quantity",
							"productType": "SingleProduct",
							"averageWeight": 0,
							"bulkBuyLimit": 25,
							"maxQuantityAllowed": 25,
							"groupBulkBuyLimit": 0,
							"bulkBuyLimitMessage": "You are able to buy a maximum of 25 of this item",
							"bulkBuyLimitGroupId": "G00000053",
							"timeRestrictedDelivery": null,
							"restrictedDelivery": null,
							"isInFavourites": null,
							"isNew": false,
							"isRestrictedOrderAmendment": null,
							"maxWeight": 0,
							"minWeight": 0,
							"increment": 0,
							"details": {
								"components": [
									{
										"isLowEverydayPricing": false,
										"__typename": "AdditionalInfo"
									}
								],
								"__typename": "ProductDetailsType"
							},
							"catchWeightList": null,
							"restrictions": [],
							"reviews": {
								"stats": {
									"noOfReviews": 168,
									"overallRating": 4.7,
									"overallRatingRange": 5,
									"__typename": "ReviewStatsType"
								},
								"__typename": "ReviewsType"
							},
							"modelMetadata": null
						},
						"__typename": "CompositeResultType"
					},
					{
						"node": {
							"typename": "ProductType",
							"context": null,
							"__typename": "ProductType",
							"sellers": {
								"__typename": "ProductSellers",
								"results": [
									{
										"id": "302676629",
										"__typename": "ProductType",
										"isForSale": true,
										"status": "AvailableForSale",
										"seller": null,
										"price": {
											"price": 2.79,
											"unitPrice": 6.98,
											"unitOfMeasure": "kg",
											"actual": 2.79,
											"__typename": "PriceType"
										},
										"promotions": [],
										"fulfilment": null
									}
								]
							},
							"id": "302676629",
							"tpnb": "86173510",
							"tpnc": "302676629",
							"gtin": "05057967013883",
							"adId": null,
							"baseProductId": "86173510",
							"title": "Creamfields Lighter Mature Cheese 400G",
							"brandName": "CREAMFIELDS",
							"shortDescription": null,
							"defaultImageUrl": "https://digitalcontent.api.tesco.com/v2/media/ghs/58e18fea-f397-4934-a39e-cd0215105ec4/de56bb5f-ee47-40da-aa3e-a66ffcc66241_738702674.jpeg?h=225&w=225",
							"superDepartmentId": "b;RnJlc2glMjBGb29k",
							"media": {
								"defaultImage": {
									"aspectRatio": null,
									"__typename": "ProductMediaDefaultImageType"
								},
								"__typename": "ProductMediaType"
							},
							"quantityInBasket": null,
							"superDepartmentName": "Fresh Food",
							"departmentId": "b;RnJlc2glMjBGb29kJTdDQ2hlZXNl",
							"departmentName": "Cheese",
							"aisleId": "b;RnJlc2glMjBGb29kJTdDQ2hlZXNlJTdDQ2hlZGRhciUyMENoZWVzZQ==",
							"aisleName": "Cheddar Cheese",
							"shelfId": "b;RnJlc2glMjBGb29kJTdDQ2hlZXNlJTdDQ2hlZGRhciUyMENoZWVzZSU3Q01hdHVyZSUyMENoZWRkYXIlMjBDaGVlc2U=",
							"shelfName": "Mature Cheddar Cheese",
							"displayType": "Quantity",
							"productType": "SingleProduct",
							"averageWeight": 0,
							"bulkBuyLimit": 16,
							"maxQuantityAllowed": 16,
							"groupBulkBuyLimit": 0,
							"bulkBuyLimitMessage": "You are able to buy a maximum of 16 of this item",
							"bulkBuyLimitGroupId": "G00000241",
							"timeRestrictedDelivery": null,
							"restrictedDelivery": null,
							"isInFavourites": null,
							"isNew": false,
							"isRestrictedOrderAmendment": null,
							"maxWeight": 0,
							"minWeight": 0,
							"increment": 0,
							"details": {
								"components": [
									{
										"isLowEverydayPricing": false,
										"__typename": "AdditionalInfo"
									},
									{
										"competitors": [
											{
												"id": "ALDI",
												"priceMatch": {
													"isMatching": true,
													"__typename": "PriceMatch"
												},
												"__typename": "Competitor"
											}
										],
										"__typename": "CompetitorsInfo"
									}
								],
								"__typename": "ProductDetailsType"
							},
							"catchWeightList": null,
							"restrictions": [],
							"reviews": {
								"stats": {
									"noOfReviews": 78,
									"overallRating": 3.1,
									"overallRatingRange": 5,
									"__typename": "ReviewStatsType"
								},
								"__typename": "ReviewsType"
							},
							"modelMetadata": null
						},
						"__typename": "CompositeResultType"
					},
					{
						"node": {
							"typename": "ProductType",
							"context": null,
							"__typename": "ProductType",
							"sellers": {
								"__typename": "ProductSellers",
								"results": [
									{
										"id": "322160628",
										"__typename": "ProductType",
										"isForSale": true,
										"status": "AvailableForSale",
										"seller": null,
										"price": {
											"price": 1.95,
											"unitPrice": 16.25,
											"unitOfMeasure": "kg",
											"actual": 1.95,
											"__typename": "PriceType"
										},
										"promotions": [
											{
												"id": "95835995",
												"promotionType": null,
												"startDate": "2025-11-26T00:00:00Z",
												"endDate": "2025-12-19T00:00:00Z",
												"description": "\u00a31.25 Clubcard Price",
												"unitSellingInfo": "\u00a310.42/kg",
												"price": {
													"beforeDiscount": null,
													"afterDiscount": 1.95,
													"__typename": "PromotionPriceType"
												},
												"attributes": [
													"CLUBCARD_PRICING"
												],
												"__typename": "PromotionType"
											}
										],
										"fulfilment": null
									}
								]
							},
							"id": "322160628",
							"tpnb": "96538433",
							"tpnc": "322160628",
							"gtin": "03073781218824",
							"adId": "display_NCcJU9FpUx1aYxucc08TMeidCLkKCgoIOTY1Mzg0MzMSABoLCMHnh8oGEJ68pnQiAggB",
							"baseProductId": "96538433",
							"title": "The Laughing Cow  8 Creamy Cheese Spread Lightest 120g",
							"brandName": "The Laughing Cow",
							"shortDescription": null,
							"defaultImageUrl": "https://digitalcontent.api.tesco.com/v2/media/ghs/484283d4-7a37-4fdf-8399-0f6e1bc93c0e/7122d772-780c-4363-a9b4-b0511c8cce2d_2138625799.jpeg?h=225&w=225",
							"superDepartmentId": "b;RnJlc2glMjBGb29k",
							"media": {
								"defaultImage": {
									"aspectRatio": null,
									"__typename": "ProductMediaDefaultImageType"
								},
								"__typename": "ProductMediaType"
							},
							"quantityInBasket": null,
							"superDepartmentName": "Fresh Food",
							"departmentId": "b;RnJlc2glMjBGb29kJTdDQ2hlZXNl",
							"departmentName": "Cheese",
							"aisleId": "b;RnJlc2glMjBGb29kJTdDQ2hlZXNlJTdDQ2hlZXNlJTIwU25hY2tpbmclMjAmJTIwTHVuY2hib3g=",
							"aisleName": "Cheese Snacking & Lunchbox",
							"shelfId": "b;RnJlc2glMjBGb29kJTdDQ2hlZXNlJTdDQ2hlZXNlJTIwU25hY2tpbmclMjAmJTIwTHVuY2hib3glN0NMdW5jaGJveCUyMENoZWVzZSUyMFRyaWFuZ2xlcw==",
							"shelfName": "Lunchbox Cheese Triangles",
							"displayType": "Quantity",
							"productType": "SingleProduct",
							"averageWeight": 0,
							"bulkBuyLimit": 99,
							"maxQuantityAllowed": 99,
							"groupBulkBuyLimit": 0,
							"bulkBuyLimitMessage": "Max allowed is 99.",
							"bulkBuyLimitGroupId": null,
							"timeRestrictedDelivery": null,
							"restrictedDelivery": null,
							"isInFavourites": null,
							"isNew": true,
							"isRestrictedOrderAmendment": null,
							"maxWeight": 0,
							"minWeight": 0,
							"increment": 0,
							"details": {
								"components": [
									{
										"isLowEverydayPricing": false,
										"__typename": "AdditionalInfo"
									}
								],
								"__typename": "ProductDetailsType"
							},
							"catchWeightList": null,
							"restrictions": [],
							"reviews": {
								"stats": {
									"noOfReviews": 41,
									"overallRating": 3.7,
									"overallRatingRange": 5,
									"__typename": "ReviewStatsType"
								},
								"__typename": "ReviewsType"
							},
							"modelMetadata": null
						},
						"__typename": "CompositeResultType"
					},
					{
						"node": {
							"typename": "ProductType",
							"context": null,
							"__typename": "ProductType",
							"sellers": {
								"__typename": "ProductSellers",
								"results": [
									{
										"id": "253704206",
										"__typename": "ProductType",
										"isForSale": true,
										"status": "AvailableForSale",
										"seller": null,
										"price": {
											"price": 2.6,
											"unitPrice": 10.4,
											"unitOfMeasure": "kg",
											"actual": 2.6,
											"__typename": "PriceType"
										},
										"promotions": [
											{
												"id": "93341347",
												"promotionType": null,
												"startDate": "2025-06-27T23:00:00Z",
												"endDate": "2026-01-01T00:00:00Z",
												"description": "Any 2 for \u00a34.50 Clubcard Price - Selected Sliced And Grated Cheese",
												"unitSellingInfo": null,
												"price": null,
												"attributes": [
													"CLUBCARD_PRICING"
												],
												"__typename": "PromotionType"
											}
										],
										"fulfilment": null
									}
								]
							},
							"id": "253704206",
							"tpnb": "54430261",
							"tpnc": "253704206",
							"gtin": "05000436510826",
							"adId": null,
							"baseProductId": "54430261",
							"title": "Tesco British Mature Grated Cheddar Cheese 250 G",
							"brandName": "TESCO",
							"shortDescription": null,
							"defaultImageUrl": "https://digitalcontent.api.tesco.com/v2/media/ghs/98ee5733-05ea-4db7-8b56-a3c1a8a33c83/ea3ed65c-1e90-49b9-8657-f6f2d031de78.jpeg?h=225&w=225",
							"superDepartmentId": "b;RnJlc2glMjBGb29k",
							"media": {
								"defaultImage": {
									"aspectRatio": null,
									"__typename": "ProductMediaDefaultImageType"
								},
								"__typename": "ProductMediaType"
							},
							"quantityInBasket": null,
							"superDepartmentName": "Fresh Food",
							"departmentId": "b;RnJlc2glMjBGb29kJTdDQ2hlZXNl",
							"departmentName": "Cheese",
							"aisleId": "b;RnJlc2glMjBGb29kJTdDQ2hlZXNlJTdDR3JhdGVkJTIwJiUyMFNsaWNlZCUyMENoZWVzZQ==",
							"aisleName": "Grated & Sliced Cheese",
							"shelfId": "b;RnJlc2glMjBGb29kJTdDQ2hlZXNlJTdDR3JhdGVkJTIwJiUyMFNsaWNlZCUyMENoZWVzZSU3Q0dyYXRlZCUyMENoZWVzZQ==",
							"shelfName": "Grated Cheese",
							"displayType": "Quantity",
							"productType": "SingleProduct",
							"averageWeight": 0,
							"bulkBuyLimit": 25,
							"maxQuantityAllowed": 25,
							"groupBulkBuyLimit": 0,
							"bulkBuyLimitMessage": "You are able to buy a maximum of 25 of this item",
							"bulkBuyLimitGroupId": "G00000053",
							"timeRestrictedDelivery": null,
							"restrictedDelivery": null,
							"isInFavourites": null,
							"isNew": false,
							"isRestrictedOrderAmendment": null,
							"maxWeight": 0,
							"minWeight": 0,
							"increment": 0,
							"details": {
								"components": [
									{
										"isLowEverydayPricing": false,
										"__typename": "AdditionalInfo"
									}
								],
								"__typename": "ProductDetailsType"
							},
							"catchWeightList": null,
							"restrictions": [],
							"reviews": {
								"stats": {
									"noOfReviews": 95,
									"overallRating": 4.3,
									"overallRatingRange": 5,
									"__typename": "ReviewStatsType"
								},
								"__typename": "ReviewsType"
							},
							"modelMetadata": null
						},
						"__typename": "CompositeResultType"
					},
					{
						"node": {
							"typename": "ProductType",
							"context": null,
							"__typename": "ProductType",
							"sellers": {
								"__typename": "ProductSellers",
								"results": [
									{
										"id": "317870636",
										"__typename": "ProductType",
										"isForSale": true,
										"status": "AvailableForSale",
										"seller": null,
										"price": {
											"price": 2.6,
											"unitPrice": 10.4,
											"unitOfMeasure": "kg",
											"actual": 2.6,
											"__typename": "PriceType"
										},
										"promotions": [
											{
												"id": "93341347",
												"promotionType": null,
												"startDate": "2025-06-27T23:00:00Z",
												"endDate": "2026-01-01T00:00:00Z",
												"description": "Any 2 for \u00a34.50 Clubcard Price - Selected Sliced And Grated Cheese",
												"unitSellingInfo": null,
												"price": null,
												"attributes": [
													"CLUBCARD_PRICING"
												],
												"__typename": "PromotionType"
											}
										],
										"fulfilment": null
									}
								]
							},
							"id": "317870636",
							"tpnb": "93778677",
							"tpnc": "317870636",
							"gtin": "05059697392702",
							"adId": null,
							"baseProductId": "93778677",
							"title": "Tesco Mozzarella & Cheese Mix 250g",
							"brandName": "TESCO",
							"shortDescription": null,
							"defaultImageUrl": "https://digitalcontent.api.tesco.com/v2/media/ghs/53853a51-7102-4345-9c24-1b82d7983748/fcfecbcf-4fde-402c-877e-b5097ca7a934.jpeg?h=225&w=225",
							"superDepartmentId": "b;RnJlc2glMjBGb29k",
							"media": {
								"defaultImage": {
									"aspectRatio": null,
									"__typename": "ProductMediaDefaultImageType"
								},
								"__typename": "ProductMediaType"
							},
							"quantityInBasket": null,
							"superDepartmentName": "Fresh Food",
							"departmentId": "b;RnJlc2glMjBGb29kJTdDQ2hlZXNl",
							"departmentName": "Cheese",
							"aisleId": "b;RnJlc2glMjBGb29kJTdDQ2hlZXNlJTdDR3JhdGVkJTIwJiUyMFNsaWNlZCUyMENoZWVzZQ==",
							"aisleName": "Grated & Sliced Cheese",
							"shelfId": "b;RnJlc2glMjBGb29kJTdDQ2hlZXNlJTdDR3JhdGVkJTIwJiUyMFNsaWNlZCUyMENoZWVzZSU3Q0dyYXRlZCUyMENoZWVzZQ==",
							"shelfName": "Grated Cheese",
							"displayType": "Quantity",
							"productType": "SingleProduct",
							"averageWeight": 0,
							"bulkBuyLimit": 99,
							"maxQuantityAllowed": 99,
							"groupBulkBuyLimit": 0,
							"bulkBuyLimitMessage": "Max allowed is 99.",
							"bulkBuyLimitGroupId": null,
							"timeRestrictedDelivery": null,
							"restrictedDelivery": null,
							"isInFavourites": null,
							"isNew": false,
							"isRestrictedOrderAmendment": null,
							"maxWeight": 0,
							"minWeight": 0,
							"increment": 0,
							"details": {
								"components": [
									{
										"isLowEverydayPricing": false,
										"__typename": "AdditionalInfo"
									}
								],
								"__typename": "ProductDetailsType"
							},
							"catchWeightList": null,
							"restrictions": [],
							"reviews": {
								"stats": {
									"noOfReviews": 42,
									"overallRating": 4.7,
									"overallRatingRange": 5,
									"__typename": "ReviewStatsType"
								},
								"__typename": "ReviewsType"
							},
							"modelMetadata": null
						},
						"__typename": "CompositeResultType"
					},
					{
						"node": {
							"typename": "ProductType",
							"context": null,
							"__typename": "ProductType",
							"sellers": {
								"__typename": "ProductSellers",
								"results": [
									{
										"id": "303870531",
										"__typename": "ProductType",
										"isForSale": true,
										"status": "AvailableForSale",
										"seller": null,
										"price": {
											"price": 2.8,
											"unitPrice": 14,
											"unitOfMeasure": "kg",
											"actual": 2.8,
											"__typename": "PriceType"
										},
										"promotions": [
											{
												"id": "95387799",
												"promotionType": null,
												"startDate": "2025-11-05T00:00:00Z",
												"endDate": "2025-12-17T00:00:00Z",
												"description": "\u00a32.00 Clubcard Price",
												"unitSellingInfo": "\u00a310.00/kg",
												"price": {
													"beforeDiscount": null,
													"afterDiscount": 2.8,
													"__typename": "PromotionPriceType"
												},
												"attributes": [
													"CLUBCARD_PRICING"
												],
												"__typename": "PromotionType"
											}
										],
										"fulfilment": null
									}
								]
							},
							"id": "303870531",
							"tpnb": "86775783",
							"tpnc": "303870531",
							"gtin": "05711953070266",
							"adId": null,
							"baseProductId": "86775783",
							"title": "Castello Extra Creamy Brie Cheese 200g",
							"brandName": "CASTELLO",
							"shortDescription": null,
							"defaultImageUrl": "https://digitalcontent.api.tesco.com/v2/media/ghs/07b69aba-0998-4b58-9e90-0256666d65ee/eb10c1dd-fcc3-4ab5-92d3-a99f575a5eb9_157661875.jpeg?h=225&w=225",
							"superDepartmentId": "b;RnJlc2glMjBGb29k",
							"media": {
								"defaultImage": {
									"aspectRatio": null,
									"__typename": "ProductMediaDefaultImageType"
								},
								"__typename": "ProductMediaType"
							},
							"quantityInBasket": null,
							"superDepartmentName": "Fresh Food",
							"departmentId": "b;RnJlc2glMjBGb29kJTdDQ2hlZXNl",
							"departmentName": "Cheese",
							"aisleId": "b;RnJlc2glMjBGb29kJTdDQ2hlZXNlJTdDU3BlY2lhbHR5JTIwJiUyMENvbnRpbmVudGFsJTIwQ2hlZXNl",
							"aisleName": "Specialty & Continental Cheese",
							"shelfId": "b;RnJlc2glMjBGb29kJTdDQ2hlZXNlJTdDU3BlY2lhbHR5JTIwJiUyMENvbnRpbmVudGFsJTIwQ2hlZXNlJTdDU29mdCUyMENvbnRpbmVudGFsJTIwQ2hlZXNl",
							"shelfName": "Soft Continental Cheese",
							"displayType": "Quantity",
							"productType": "SingleProduct",
							"averageWeight": 0,
							"bulkBuyLimit": 25,
							"maxQuantityAllowed": 25,
							"groupBulkBuyLimit": 0,
							"bulkBuyLimitMessage": "You are able to buy a maximum of 25 of this item",
							"bulkBuyLimitGroupId": "G00000216",
							"timeRestrictedDelivery": null,
							"restrictedDelivery": null,
							"isInFavourites": null,
							"isNew": false,
							"isRestrictedOrderAmendment": null,
							"maxWeight": 0,
							"minWeight": 0,
							"increment": 0,
							"details": {
								"components": [
									{
										"isLowEverydayPricing": false,
										"__typename": "AdditionalInfo"
									}
								],
								"__typename": "ProductDetailsType"
							},
							"catchWeightList": null,
							"restrictions": [],
							"reviews": {
								"stats": {
									"noOfReviews": 172,
									"overallRating": 4.5,
									"overallRatingRange": 5,
									"__typename": "ReviewStatsType"
								},
								"__typename": "ReviewsType"
							},
							"modelMetadata": null
						},
						"__typename": "CompositeResultType"
					},
					{
						"node": {
							"typename": "ProductType",
							"context": null,
							"__typename": "ProductType",
							"sellers": {
								"__typename": "ProductSellers",
								"results": [
									{
										"id": "302676688",
										"__typename": "ProductType",
										"isForSale": true,
										"status": "AvailableForSale",
										"seller": null,
										"price": {
											"price": 2.79,
											"unitPrice": 6.98,
											"unitOfMeasure": "kg",
											"actual": 2.79,
											"__typename": "PriceType"
										},
										"promotions": [],
										"fulfilment": null
									}
								]
							},
							"id": "302676688",
							"tpnb": "86173542",
							"tpnc": "302676688",
							"gtin": "05057967013944",
							"adId": null,
							"baseProductId": "86173542",
							"title": "Creamfields Red Leicester Cheese 400G",
							"brandName": "CREAMFIELDS",
							"shortDescription": null,
							"defaultImageUrl": "https://digitalcontent.api.tesco.com/v2/media/ghs/7118d95b-2733-47de-974c-aa76a9fa0041/097dbdcb-b421-4153-bc45-ea0e2b1238ae_1879573166.jpeg?h=225&w=225",
							"superDepartmentId": "b;RnJlc2glMjBGb29k",
							"media": {
								"defaultImage": {
									"aspectRatio": null,
									"__typename": "ProductMediaDefaultImageType"
								},
								"__typename": "ProductMediaType"
							},
							"quantityInBasket": null,
							"superDepartmentName": "Fresh Food",
							"departmentId": "b;RnJlc2glMjBGb29kJTdDQ2hlZXNl",
							"departmentName": "Cheese",
							"aisleId": "b;RnJlc2glMjBGb29kJTdDQ2hlZXNlJTdDUmVnaW9uYWwlMjBDaGVlc2U=",
							"aisleName": "Regional Cheese",
							"shelfId": "b;RnJlc2glMjBGb29kJTdDQ2hlZXNlJTdDUmVnaW9uYWwlMjBDaGVlc2UlN0NSZWQlMjBMZWljZXN0ZXIlMjBDaGVlc2U=",
							"shelfName": "Red Leicester Cheese",
							"displayType": "Quantity",
							"productType": "SingleProduct",
							"averageWeight": 0,
							"bulkBuyLimit": 16,
							"maxQuantityAllowed": 16,
							"groupBulkBuyLimit": 0,
							"bulkBuyLimitMessage": "You are able to buy a maximum of 16 of this item",
							"bulkBuyLimitGroupId": "G00000241",
							"timeRestrictedDelivery": null,
							"restrictedDelivery": null,
							"isInFavourites": null,
							"isNew": false,
							"isRestrictedOrderAmendment": null,
							"maxWeight": 0,
							"minWeight": 0,
							"increment": 0,
							"details": {
								"components": [
									{
										"isLowEverydayPricing": false,
										"__typename": "AdditionalInfo"
									},
									{
										"competitors": [
											{
												"id": "ALDI",
												"priceMatch": {
													"isMatching": true,
													"__typename": "PriceMatch"
												},
												"__typename": "Competitor"
											}
										],
										"__typename": "CompetitorsInfo"
									}
								],
								"__typename": "ProductDetailsType"
							},
							"catchWeightList": null,
							"restrictions": [],
							"reviews": {
								"stats": {
									"noOfReviews": 74,
									"overallRating": 3.3,
									"overallRatingRange": 5,
									"__typename": "ReviewStatsType"
								},
								"__typename": "ReviewsType"
							},
							"modelMetadata": null
						},
						"__typename": "CompositeResultType"
					},
					{
						"node": {
							"typename": "ProductType",
							"context": null,
							"__typename": "ProductType",
							"sellers": {
								"__typename": "ProductSellers",
								"results": [
									{
										"id": "288986209",
										"__typename": "ProductType",
										"isForSale": true,
										"status": "AvailableForSale",
										"seller": null,
										"price": {
											"price": 5.3,
											"unitPrice": 9.64,
											"unitOfMeasure": "kg",
											"actual": 5.3,
											"__typename": "PriceType"
										},
										"promotions": [
											{
												"id": "96149168",
												"promotionType": null,
												"startDate": "2025-11-26T00:00:00Z",
												"endDate": "2025-12-25T00:00:00Z",
												"description": "\u00a34.00 Clubcard Price",
												"unitSellingInfo": "\u00a37.27/kg",
												"price": {
													"beforeDiscount": null,
													"afterDiscount": 5.3,
													"__typename": "PromotionPriceType"
												},
												"attributes": [
													"CLUBCARD_PRICING"
												],
												"__typename": "PromotionType"
											}
										],
										"fulfilment": null
									}
								]
							},
							"id": "288986209",
							"tpnb": "79338298",
							"tpnc": "288986209",
							"gtin": "05000295148154",
							"adId": null,
							"baseProductId": "79338298",
							"title": "Cathedral City Extra Mature Cheddar Cheese 550 G",
							"brandName": "CATHEDRAL CITY",
							"shortDescription": null,
							"defaultImageUrl": "https://digitalcontent.api.tesco.com/v2/media/ghs/a0fe6371-0eaa-49b0-8a78-c2298e871fdc/fe33ac41-18de-4d2e-af92-7f45feb1279e_865954622.jpeg?h=225&w=225",
							"superDepartmentId": "b;RnJlc2glMjBGb29k",
							"media": {
								"defaultImage": {
									"aspectRatio": null,
									"__typename": "ProductMediaDefaultImageType"
								},
								"__typename": "ProductMediaType"
							},
							"quantityInBasket": null,
							"superDepartmentName": "Fresh Food",
							"departmentId": "b;RnJlc2glMjBGb29kJTdDQ2hlZXNl",
							"departmentName": "Cheese",
							"aisleId": "b;RnJlc2glMjBGb29kJTdDQ2hlZXNlJTdDQ2hlZGRhciUyMENoZWVzZQ==",
							"aisleName": "Cheddar Cheese",
							"shelfId": "b;RnJlc2glMjBGb29kJTdDQ2hlZXNlJTdDQ2hlZGRhciUyMENoZWVzZSU3Q0V4dHJhJTIwTWF0dXJlJTIwJiUyMFZpbnRhZ2UlMjBDaGVkZGFyJTIwQ2hlZXNl",
							"shelfName": "Extra Mature & Vintage Cheddar Cheese",
							"displayType": "Quantity",
							"productType": "SingleProduct",
							"averageWeight": 0,
							"bulkBuyLimit": 25,
							"maxQuantityAllowed": 25,
							"groupBulkBuyLimit": 0,
							"bulkBuyLimitMessage": "You are able to buy a maximum of 25 of this item",
							"bulkBuyLimitGroupId": "G00000216",
							"timeRestrictedDelivery": null,
							"restrictedDelivery": null,
							"isInFavourites": null,
							"isNew": false,
							"isRestrictedOrderAmendment": null,
							"maxWeight": 0,
							"minWeight": 0,
							"increment": 0,
							"details": {
								"components": [
									{
										"isLowEverydayPricing": false,
										"__typename": "AdditionalInfo"
									}
								],
								"__typename": "ProductDetailsType"
							},
							"catchWeightList": null,
							"restrictions": [],
							"reviews": {
								"stats": {
									"noOfReviews": 22,
									"overallRating": 4.4,
									"overallRatingRange": 5,
									"__typename": "ReviewStatsType"
								},
								"__typename": "ReviewsType"
							},
							"modelMetadata": null
						},
						"__typename": "CompositeResultType"
					},
					{
						"node": {
							"typename": "ProductType",
							"context": null,
							"__typename": "ProductType",
							"sellers": {
								"__typename": "ProductSellers",
								"results": [
									{
										"id": "253704097",
										"__typename": "ProductType",
										"isForSale": true,
										"status": "AvailableForSale",
										"seller": null,
										"price": {
											"price": 2.6,
											"unitPrice": 10.4,
											"unitOfMeasure": "kg",
											"actual": 2.6,
											"__typename": "PriceType"
										},
										"promotions": [
											{
												"id": "93341347",
												"promotionType": null,
												"startDate": "2025-06-27T23:00:00Z",
												"endDate": "2026-01-01T00:00:00Z",
												"description": "Any 2 for \u00a34.50 Clubcard Price - Selected Sliced And Grated Cheese",
												"unitSellingInfo": null,
												"price": null,
												"attributes": [
													"CLUBCARD_PRICING"
												],
												"__typename": "PromotionType"
											}
										],
										"fulfilment": null
									}
								]
							},
							"id": "253704097",
							"tpnb": "54430226",
							"tpnc": "253704097",
							"gtin": "05000436510789",
							"adId": null,
							"baseProductId": "54430226",
							"title": "Tesco British Medium Grated Cheddar Cheese 250 G",
							"brandName": "TESCO",
							"shortDescription": null,
							"defaultImageUrl": "https://digitalcontent.api.tesco.com/v2/media/ghs/57eba242-ac00-41e2-9b4e-b6bad4910eb2/8324602d-0064-4ef8-a7ed-e3d7e085b040.jpeg?h=225&w=225",
							"superDepartmentId": "b;RnJlc2glMjBGb29k",
							"media": {
								"defaultImage": {
									"aspectRatio": null,
									"__typename": "ProductMediaDefaultImageType"
								},
								"__typename": "ProductMediaType"
							},
							"quantityInBasket": null,
							"superDepartmentName": "Fresh Food",
							"departmentId": "b;RnJlc2glMjBGb29kJTdDQ2hlZXNl",
							"departmentName": "Cheese",
							"aisleId": "b;RnJlc2glMjBGb29kJTdDQ2hlZXNlJTdDR3JhdGVkJTIwJiUyMFNsaWNlZCUyMENoZWVzZQ==",
							"aisleName": "Grated & Sliced Cheese",
							"shelfId": "b;RnJlc2glMjBGb29kJTdDQ2hlZXNlJTdDR3JhdGVkJTIwJiUyMFNsaWNlZCUyMENoZWVzZSU3Q0dyYXRlZCUyMENoZWVzZQ==",
							"shelfName": "Grated Cheese",
							"displayType": "Quantity",
							"productType": "SingleProduct",
							"averageWeight": 0,
							"bulkBuyLimit": 25,
							"maxQuantityAllowed": 25,
							"groupBulkBuyLimit": 0,
							"bulkBuyLimitMessage": "You are able to buy a maximum of 25 of this item",
							"bulkBuyLimitGroupId": "G00000053",
							"timeRestrictedDelivery": null,
							"restrictedDelivery": null,
							"isInFavourites": null,
							"isNew": false,
							"isRestrictedOrderAmendment": null,
							"maxWeight": 0,
							"minWeight": 0,
							"increment": 0,
							"details": {
								"components": [
									{
										"isLowEverydayPricing": false,
										"__typename": "AdditionalInfo"
									}
								],
								"__typename": "ProductDetailsType"
							},
							"catchWeightList": null,
							"restrictions": [],
							"reviews": {
								"stats": {
									"noOfReviews": 180,
									"overallRating": 4.6,
									"overallRatingRange": 5,
									"__typename": "ReviewStatsType"
								},
								"__typename": "ReviewsType"
							},
							"modelMetadata": null
						},
						"__typename": "CompositeResultType"
					},
					{
						"node": {
							"typename": "ProductType",
							"context": null,
							"__typename": "ProductType",
							"sellers": {
								"__typename": "ProductSellers",
								"results": [
									{
										"id": "258005559",
										"__typename": "ProductType",
										"isForSale": true,
										"status": "AvailableForSale",
										"seller": null,
										"price": {
											"price": 1.9,
											"unitPrice": 15.2,
											"unitOfMeasure": "kg",
											"actual": 1.9,
											"__typename": "PriceType"
										},
										"promotions": [],
										"fulfilment": null
									}
								]
							},
							"id": "258005559",
							"tpnb": "50327528",
							"tpnc": "258005559",
							"gtin": "00000003044230",
							"adId": null,
							"baseProductId": "50327528",
							"title": "Tesco Smoked Cheese 125G",
							"brandName": "TESCO",
							"shortDescription": null,
							"defaultImageUrl": "https://digitalcontent.api.tesco.com/v2/media/ghs/1819a682-99fd-4653-9b5d-42babc2937e3/a7dee00e-8cb5-420a-88be-4d13622f4084.jpeg?h=225&w=225",
							"superDepartmentId": "b;RnJlc2glMjBGb29k",
							"media": {
								"defaultImage": {
									"aspectRatio": null,
									"__typename": "ProductMediaDefaultImageType"
								},
								"__typename": "ProductMediaType"
							},
							"quantityInBasket": null,
							"superDepartmentName": "Fresh Food",
							"departmentId": "b;RnJlc2glMjBGb29kJTdDQ2hlZXNl",
							"departmentName": "Cheese",
							"aisleId": "b;RnJlc2glMjBGb29kJTdDQ2hlZXNlJTdDU3BlY2lhbHR5JTIwJiUyMENvbnRpbmVudGFsJTIwQ2hlZXNl",
							"aisleName": "Specialty & Continental Cheese",
							"shelfId": "b;RnJlc2glMjBGb29kJTdDQ2hlZXNlJTdDU3BlY2lhbHR5JTIwJiUyMENvbnRpbmVudGFsJTIwQ2hlZXNlJTdDU21va2VkJTIwQ2hlZXNlJTIwJiUyMEZsYXZvdXJlZCUyMENoZWVzZQ==",
							"shelfName": "Smoked Cheese & Flavoured Cheese",
							"displayType": "Quantity",
							"productType": "SingleProduct",
							"averageWeight": 0,
							"bulkBuyLimit": 16,
							"maxQuantityAllowed": 16,
							"groupBulkBuyLimit": 0,
							"bulkBuyLimitMessage": "You are able to buy a maximum of 16 of this item",
							"bulkBuyLimitGroupId": "G00000241",
							"timeRestrictedDelivery": null,
							"restrictedDelivery": null,
							"isInFavourites": null,
							"isNew": false,
							"isRestrictedOrderAmendment": null,
							"maxWeight": 0,
							"minWeight": 0,
							"increment": 0,
							"details": {
								"components": [
									{
										"isLowEverydayPricing": false,
										"__typename": "AdditionalInfo"
									}
								],
								"__typename": "ProductDetailsType"
							},
							"catchWeightList": null,
							"restrictions": [],
							"reviews": {
								"stats": {
									"noOfReviews": 54,
									"overallRating": 3.7,
									"overallRatingRange": 5,
									"__typename": "ReviewStatsType"
								},
								"__typename": "ReviewsType"
							},
							"modelMetadata": null
						},
						"__typename": "CompositeResultType"
					},
					{
						"node": {
							"typename": "ProductType",
							"context": null,
							"__typename": "ProductType",
							"sellers": {
								"__typename": "ProductSellers",
								"results": [
									{
										"id": "300257842",
										"__typename": "ProductType",
										"isForSale": true,
										"status": "AvailableForSale",
										"seller": null,
										"price": {
											"price": 2.5,
											"unitPrice": 11.36,
											"unitOfMeasure": "kg",
											"actual": 2.5,
											"__typename": "PriceType"
										},
										"promotions": [],
										"fulfilment": null
									}
								]
							},
							"id": "300257842",
							"tpnb": "84929778",
							"tpnc": "300257842",
							"gtin": "05057545952955",
							"adId": null,
							"baseProductId": "84929778",
							"title": "Tesco Red Leicester Cheese 220G",
							"brandName": "TESCO",
							"shortDescription": null,
							"defaultImageUrl": "https://digitalcontent.api.tesco.com/v2/media/ghs/bcbf3347-7e21-4d60-a5bd-5bac8aaf310d/b193b117-bb7d-4ea7-a38f-4cbc283a74b7.jpeg?h=225&w=225",
							"superDepartmentId": "b;RnJlc2glMjBGb29k",
							"media": {
								"defaultImage": {
									"aspectRatio": null,
									"__typename": "ProductMediaDefaultImageType"
								},
								"__typename": "ProductMediaType"
							},
							"quantityInBasket": null,
							"superDepartmentName": "Fresh Food",
							"departmentId": "b;RnJlc2glMjBGb29kJTdDQ2hlZXNl",
							"departmentName": "Cheese",
							"aisleId": "b;RnJlc2glMjBGb29kJTdDQ2hlZXNlJTdDUmVnaW9uYWwlMjBDaGVlc2U=",
							"aisleName": "Regional Cheese",
							"shelfId": "b;RnJlc2glMjBGb29kJTdDQ2hlZXNlJTdDUmVnaW9uYWwlMjBDaGVlc2UlN0NSZWQlMjBMZWljZXN0ZXIlMjBDaGVlc2U=",
							"shelfName": "Red Leicester Cheese",
							"displayType": "Quantity",
							"productType": "SingleProduct",
							"averageWeight": 0,
							"bulkBuyLimit": 25,
							"maxQuantityAllowed": 25,
							"groupBulkBuyLimit": 0,
							"bulkBuyLimitMessage": "You are able to buy a maximum of 25 of this item",
							"bulkBuyLimitGroupId": "G00000053",
							"timeRestrictedDelivery": null,
							"restrictedDelivery": null,
							"isInFavourites": null,
							"isNew": false,
							"isRestrictedOrderAmendment": null,
							"maxWeight": 0,
							"minWeight": 0,
							"increment": 0,
							"details": {
								"components": [
									{
										"isLowEverydayPricing": false,
										"__typename": "AdditionalInfo"
									}
								],
								"__typename": "ProductDetailsType"
							},
							"catchWeightList": null,
							"restrictions": [],
							"reviews": {
								"stats": {
									"noOfReviews": 93,
									"overallRating": 4.5,
									"overallRatingRange": 5,
									"__typename": "ReviewStatsType"
								},
								"__typename": "ReviewsType"
							},
							"modelMetadata": null
						},
						"__typename": "CompositeResultType"
					},
					{
						"node": {
							"typename": "ProductType",
							"context": null,
							"__typename": "ProductType",
							"sellers": {
								"__typename": "ProductSellers",
								"results": [
									{
										"id": "317297474",
										"__typename": "ProductType",
										"isForSale": true,
										"status": "AvailableForSale",
										"seller": null,
										"price": {
											"price": 2.6,
											"unitPrice": 10.4,
											"unitOfMeasure": "kg",
											"actual": 2.6,
											"__typename": "PriceType"
										},
										"promotions": [
											{
												"id": "93341347",
												"promotionType": null,
												"startDate": "2025-06-27T23:00:00Z",
												"endDate": "2026-01-01T00:00:00Z",
												"description": "Any 2 for \u00a34.50 Clubcard Price - Selected Sliced And Grated Cheese",
												"unitSellingInfo": null,
												"price": null,
												"attributes": [
													"CLUBCARD_PRICING"
												],
												"__typename": "PromotionType"
											}
										],
										"fulfilment": null
									}
								]
							},
							"id": "317297474",
							"tpnb": "93767978",
							"tpnc": "317297474",
							"gtin": "05063250552472",
							"adId": null,
							"baseProductId": "93767978",
							"title": "Tesco Grated Four Cheese 250g",
							"brandName": "TESCO",
							"shortDescription": null,
							"defaultImageUrl": "https://digitalcontent.api.tesco.com/v2/media/ghs/a96e9338-eacd-4d6e-b619-7286ccc7961c/9ae33f88-67f2-4d80-9d84-b58d89f1d554_487996232.jpeg?h=225&w=225",
							"superDepartmentId": "b;RnJlc2glMjBGb29k",
							"media": {
								"defaultImage": {
									"aspectRatio": null,
									"__typename": "ProductMediaDefaultImageType"
								},
								"__typename": "ProductMediaType"
							},
							"quantityInBasket": null,
							"superDepartmentName": "Fresh Food",
							"departmentId": "b;RnJlc2glMjBGb29kJTdDQ2hlZXNl",
							"departmentName": "Cheese",
							"aisleId": "b;RnJlc2glMjBGb29kJTdDQ2hlZXNlJTdDR3JhdGVkJTIwJiUyMFNsaWNlZCUyMENoZWVzZQ==",
							"aisleName": "Grated & Sliced Cheese",
							"shelfId": "b;RnJlc2glMjBGb29kJTdDQ2hlZXNlJTdDR3JhdGVkJTIwJiUyMFNsaWNlZCUyMENoZWVzZSU3Q0dyYXRlZCUyMENoZWVzZQ==",
							"shelfName": "Grated Cheese",
							"displayType": "Quantity",
							"productType": "SingleProduct",
							"averageWeight": 0,
							"bulkBuyLimit": 25,
							"maxQuantityAllowed": 25,
							"groupBulkBuyLimit": 0,
							"bulkBuyLimitMessage": "You are able to buy a maximum of 25 of this item",
							"bulkBuyLimitGroupId": "G00004933",
							"timeRestrictedDelivery": null,
							"restrictedDelivery": null,
							"isInFavourites": null,
							"isNew": false,
							"isRestrictedOrderAmendment": null,
							"maxWeight": 0,
							"minWeight": 0,
							"increment": 0,
							"details": {
								"components": [
									{
										"isLowEverydayPricing": false,
										"__typename": "AdditionalInfo"
									}
								],
								"__typename": "ProductDetailsType"
							},
							"catchWeightList": null,
							"restrictions": [],
							"reviews": {
								"stats": {
									"noOfReviews": 48,
									"overallRating": 4.8,
									"overallRatingRange": 5,
									"__typename": "ReviewStatsType"
								},
								"__typename": "ReviewsType"
							},
							"modelMetadata": null
						},
						"__typename": "CompositeResultType"
					},
					{
						"node": {
							"typename": "ProductType",
							"context": null,
							"__typename": "ProductType",
							"sellers": {
								"__typename": "ProductSellers",
								"results": [
									{
										"id": "262979759",
										"__typename": "ProductType",
										"isForSale": true,
										"status": "AvailableForSale",
										"seller": null,
										"price": {
											"price": 2.8,
											"unitPrice": 18.67,
											"unitOfMeasure": "kg",
											"actual": 2.8,
											"__typename": "PriceType"
										},
										"promotions": [
											{
												"id": "95387798",
												"promotionType": null,
												"startDate": "2025-11-05T00:00:00Z",
												"endDate": "2025-12-17T00:00:00Z",
												"description": "\u00a32.00 Clubcard Price",
												"unitSellingInfo": "\u00a313.33/kg",
												"price": {
													"beforeDiscount": null,
													"afterDiscount": 2.8,
													"__typename": "PromotionPriceType"
												},
												"attributes": [
													"CLUBCARD_PRICING"
												],
												"__typename": "PromotionType"
											}
										],
										"fulfilment": null
									}
								]
							},
							"id": "262979759",
							"tpnb": "61715146",
							"tpnc": "262979759",
							"gtin": "05760466876872",
							"adId": null,
							"baseProductId": "61715146",
							"title": "Castello Creamy Blue Cheese 150g",
							"brandName": "DISCOVER",
							"shortDescription": null,
							"defaultImageUrl": "https://digitalcontent.api.tesco.com/v2/media/ghs/2e072231-0b7f-461d-8ea1-2b25baa2b190/07b05c8b-b2e6-4d19-ba52-e9264279d265.jpeg?h=225&w=225",
							"superDepartmentId": "b;RnJlc2glMjBGb29k",
							"media": {
								"defaultImage": {
									"aspectRatio": null,
									"__typename": "ProductMediaDefaultImageType"
								},
								"__typename": "ProductMediaType"
							},
							"quantityInBasket": null,
							"superDepartmentName": "Fresh Food",
							"departmentId": "b;RnJlc2glMjBGb29kJTdDQ2hlZXNl",
							"departmentName": "Cheese",
							"aisleId": "b;RnJlc2glMjBGb29kJTdDQ2hlZXNlJTdDU3BlY2lhbHR5JTIwJiUyMENvbnRpbmVudGFsJTIwQ2hlZXNl",
							"aisleName": "Specialty & Continental Cheese",
							"shelfId": "b;RnJlc2glMjBGb29kJTdDQ2hlZXNlJTdDU3BlY2lhbHR5JTIwJiUyMENvbnRpbmVudGFsJTIwQ2hlZXNlJTdDU3RpbHRvbiUyMCYlMjBCbHVlJTIwQ2hlZXNl",
							"shelfName": "Stilton & Blue Cheese",
							"displayType": "Quantity",
							"productType": "SingleProduct",
							"averageWeight": 0,
							"bulkBuyLimit": 25,
							"maxQuantityAllowed": 25,
							"groupBulkBuyLimit": 0,
							"bulkBuyLimitMessage": "You are able to buy a maximum of 25 of this item",
							"bulkBuyLimitGroupId": "G00000053",
							"timeRestrictedDelivery": null,
							"restrictedDelivery": null,
							"isInFavourites": null,
							"isNew": false,
							"isRestrictedOrderAmendment": null,
							"maxWeight": 0,
							"minWeight": 0,
							"increment": 0,
							"details": {
								"components": [
									{
										"isLowEverydayPricing": false,
										"__typename": "AdditionalInfo"
									}
								],
								"__typename": "ProductDetailsType"
							},
							"catchWeightList": null,
							"restrictions": [],
							"reviews": {
								"stats": {
									"noOfReviews": 192,
									"overallRating": 4.6,
									"overallRatingRange": 5,
									"__typename": "ReviewStatsType"
								},
								"__typename": "ReviewsType"
							},
							"modelMetadata": null
						},
						"__typename": "CompositeResultType"
					},
					{
						"node": {
							"typename": "ProductType",
							"context": null,
							"__typename": "ProductType",
							"sellers": {
								"__typename": "ProductSellers",
								"results": [
									{
										"id": "260794122",
										"__typename": "ProductType",
										"isForSale": true,
										"status": "AvailableForSale",
										"seller": null,
										"price": {
											"price": 2.95,
											"unitPrice": 15.95,
											"unitOfMeasure": "kg",
											"actual": 2.95,
											"__typename": "PriceType"
										},
										"promotions": [],
										"fulfilment": null
									}
								]
							},
							"id": "260794122",
							"tpnb": "51365521",
							"tpnc": "260794122",
							"gtin": "03073780865661",
							"adId": null,
							"baseProductId": "51365521",
							"title": "Port Salut Creamy French Cheese 185 G",
							"brandName": "BEL",
							"shortDescription": null,
							"defaultImageUrl": "https://digitalcontent.api.tesco.com/v2/media/ghs/1d9a61db-24ea-4001-b0bd-6ed64066d526/7780c5eb-1e68-43bc-ba74-6d64c67812ec.jpeg?h=225&w=225",
							"superDepartmentId": "b;RnJlc2glMjBGb29k",
							"media": {
								"defaultImage": {
									"aspectRatio": null,
									"__typename": "ProductMediaDefaultImageType"
								},
								"__typename": "ProductMediaType"
							},
							"quantityInBasket": null,
							"superDepartmentName": "Fresh Food",
							"departmentId": "b;RnJlc2glMjBGb29kJTdDQ2hlZXNl",
							"departmentName": "Cheese",
							"aisleId": "b;RnJlc2glMjBGb29kJTdDQ2hlZXNlJTdDU3BlY2lhbHR5JTIwJiUyMENvbnRpbmVudGFsJTIwQ2hlZXNl",
							"aisleName": "Specialty & Continental Cheese",
							"shelfId": "b;RnJlc2glMjBGb29kJTdDQ2hlZXNlJTdDU3BlY2lhbHR5JTIwJiUyMENvbnRpbmVudGFsJTIwQ2hlZXNlJTdDU29mdCUyMENvbnRpbmVudGFsJTIwQ2hlZXNl",
							"shelfName": "Soft Continental Cheese",
							"displayType": "Quantity",
							"productType": "SingleProduct",
							"averageWeight": 0,
							"bulkBuyLimit": 25,
							"maxQuantityAllowed": 25,
							"groupBulkBuyLimit": 0,
							"bulkBuyLimitMessage": "You are able to buy a maximum of 25 of this item",
							"bulkBuyLimitGroupId": "G00000053",
							"timeRestrictedDelivery": null,
							"restrictedDelivery": null,
							"isInFavourites": null,
							"isNew": false,
							"isRestrictedOrderAmendment": null,
							"maxWeight": 0,
							"minWeight": 0,
							"increment": 0,
							"details": {
								"components": [
									{
										"isLowEverydayPricing": false,
										"__typename": "AdditionalInfo"
									}
								],
								"__typename": "ProductDetailsType"
							},
							"catchWeightList": null,
							"restrictions": [],
							"reviews": {
								"stats": {
									"noOfReviews": 13,
									"overallRating": 4.1,
									"overallRatingRange": 5,
									"__typename": "ReviewStatsType"
								},
								"__typename": "ReviewsType"
							},
							"modelMetadata": null
						},
						"__typename": "CompositeResultType"
					},
					{
						"node": {
							"typename": "ProductType",
							"context": null,
							"__typename": "ProductType",
							"sellers": {
								"__typename": "ProductSellers",
								"results": [
									{
										"id": "299769928",
										"__typename": "ProductType",
										"isForSale": true,
										"status": "AvailableForSale",
										"seller": null,
										"price": {
											"price": 2.8,
											"unitPrice": 14,
											"unitOfMeasure": "kg",
											"actual": 2.8,
											"__typename": "PriceType"
										},
										"promotions": [
											{
												"id": "95515950",
												"promotionType": null,
												"startDate": "2025-11-10T00:00:00Z",
												"endDate": "2026-01-03T00:00:00Z",
												"description": "\u00a32.50 Clubcard Price",
												"unitSellingInfo": "\u00a312.50/kg",
												"price": {
													"beforeDiscount": null,
													"afterDiscount": 2.8,
													"__typename": "PromotionPriceType"
												},
												"attributes": [
													"CLUBCARD_PRICING"
												],
												"__typename": "PromotionType"
											}
										],
										"fulfilment": null
									}
								]
							},
							"id": "299769928",
							"tpnb": "84722665",
							"tpnc": "299769928",
							"gtin": "05057545755358",
							"adId": null,
							"baseProductId": "84722665",
							"title": "Tesco Wensleydale With Apricots Cheese 200g",
							"brandName": "TESCO",
							"shortDescription": null,
							"defaultImageUrl": "https://digitalcontent.api.tesco.com/v2/media/ghs/f25d4a73-cae4-40b9-af7e-8aeca4a43d19/aab7f9d5-5601-4d5d-baa0-887c2090ee50.jpeg?h=225&w=225",
							"superDepartmentId": "b;RnJlc2glMjBGb29k",
							"media": {
								"defaultImage": {
									"aspectRatio": null,
									"__typename": "ProductMediaDefaultImageType"
								},
								"__typename": "ProductMediaType"
							},
							"quantityInBasket": null,
							"superDepartmentName": "Fresh Food",
							"departmentId": "b;RnJlc2glMjBGb29kJTdDQ2hlZXNl",
							"departmentName": "Cheese",
							"aisleId": "b;RnJlc2glMjBGb29kJTdDQ2hlZXNlJTdDUmVnaW9uYWwlMjBDaGVlc2U=",
							"aisleName": "Regional Cheese",
							"shelfId": "b;RnJlc2glMjBGb29kJTdDQ2hlZXNlJTdDUmVnaW9uYWwlMjBDaGVlc2UlN0MlMjBXZW5zbGV5ZGFsZSUyMENoZWVzZQ==",
							"shelfName": " Wensleydale Cheese",
							"displayType": "Quantity",
							"productType": "SingleProduct",
							"averageWeight": 0,
							"bulkBuyLimit": 25,
							"maxQuantityAllowed": 25,
							"groupBulkBuyLimit": 0,
							"bulkBuyLimitMessage": "You are able to buy a maximum of 25 of this item",
							"bulkBuyLimitGroupId": "G00000216",
							"timeRestrictedDelivery": null,
							"restrictedDelivery": null,
							"isInFavourites": null,
							"isNew": false,
							"isRestrictedOrderAmendment": null,
							"maxWeight": 0,
							"minWeight": 0,
							"increment": 0,
							"details": {
								"components": [
									{
										"isLowEverydayPricing": false,
										"__typename": "AdditionalInfo"
									}
								],
								"__typename": "ProductDetailsType"
							},
							"catchWeightList": null,
							"restrictions": [],
							"reviews": {
								"stats": {
									"noOfReviews": 94,
									"overallRating": 4.6,
									"overallRatingRange": 5,
									"__typename": "ReviewStatsType"
								},
								"__typename": "ReviewsType"
							},
							"modelMetadata": null
						},
						"__typename": "CompositeResultType"
					},
					{
						"node": {
							"typename": "ProductType",
							"context": null,
							"__typename": "ProductType",
							"sellers": {
								"__typename": "ProductSellers",
								"results": [
									{
										"id": "300257744",
										"__typename": "ProductType",
										"isForSale": true,
										"status": "AvailableForSale",
										"seller": null,
										"price": {
											"price": 2.5,
											"unitPrice": 11.36,
											"unitOfMeasure": "kg",
											"actual": 2.5,
											"__typename": "PriceType"
										},
										"promotions": [],
										"fulfilment": null
									}
								]
							},
							"id": "300257744",
							"tpnb": "84929726",
							"tpnc": "300257744",
							"gtin": "05057545952856",
							"adId": null,
							"baseProductId": "84929726",
							"title": "Tesco British Mature Cheddar Cheese 220G",
							"brandName": "TESCO",
							"shortDescription": null,
							"defaultImageUrl": "https://digitalcontent.api.tesco.com/v2/media/ghs/4d1871da-fd86-42fb-b104-cd14d9cd106d/04cfeb39-e386-41d4-9b6f-e6f77492b40f.jpeg?h=225&w=225",
							"superDepartmentId": "b;RnJlc2glMjBGb29k",
							"media": {
								"defaultImage": {
									"aspectRatio": null,
									"__typename": "ProductMediaDefaultImageType"
								},
								"__typename": "ProductMediaType"
							},
							"quantityInBasket": null,
							"superDepartmentName": "Fresh Food",
							"departmentId": "b;RnJlc2glMjBGb29kJTdDQ2hlZXNl",
							"departmentName": "Cheese",
							"aisleId": "b;RnJlc2glMjBGb29kJTdDQ2hlZXNlJTdDQ2hlZGRhciUyMENoZWVzZQ==",
							"aisleName": "Cheddar Cheese",
							"shelfId": "b;RnJlc2glMjBGb29kJTdDQ2hlZXNlJTdDQ2hlZGRhciUyMENoZWVzZSU3Q01hdHVyZSUyMENoZWRkYXIlMjBDaGVlc2U=",
							"shelfName": "Mature Cheddar Cheese",
							"displayType": "Quantity",
							"productType": "SingleProduct",
							"averageWeight": 0,
							"bulkBuyLimit": 25,
							"maxQuantityAllowed": 25,
							"groupBulkBuyLimit": 0,
							"bulkBuyLimitMessage": "You are able to buy a maximum of 25 of this item",
							"bulkBuyLimitGroupId": "G00000216",
							"timeRestrictedDelivery": null,
							"restrictedDelivery": null,
							"isInFavourites": null,
							"isNew": false,
							"isRestrictedOrderAmendment": null,
							"maxWeight": 0,
							"minWeight": 0,
							"increment": 0,
							"details": {
								"components": [
									{
										"isLowEverydayPricing": false,
										"__typename": "AdditionalInfo"
									}
								],
								"__typename": "ProductDetailsType"
							},
							"catchWeightList": null,
							"restrictions": [],
							"reviews": {
								"stats": {
									"noOfReviews": 55,
									"overallRating": 4.5,
									"overallRatingRange": 5,
									"__typename": "ReviewStatsType"
								},
								"__typename": "ReviewsType"
							},
							"modelMetadata": null
						},
						"__typename": "CompositeResultType"
					},
					{
						"node": {
							"typename": "ProductType",
							"context": null,
							"__typename": "ProductType",
							"sellers": {
								"__typename": "ProductSellers",
								"results": [
									{
										"id": "261535054",
										"__typename": "ProductType",
										"isForSale": true,
										"status": "AvailableForSale",
										"seller": null,
										"price": {
											"price": 2.9,
											"unitPrice": 13.18,
											"unitOfMeasure": "kg",
											"actual": 2.9,
											"__typename": "PriceType"
										},
										"promotions": [],
										"fulfilment": null
									}
								]
							},
							"id": "261535054",
							"tpnb": "60305418",
							"tpnc": "261535054",
							"gtin": "05051277607831",
							"adId": null,
							"baseProductId": "60305418",
							"title": "Tesco British Blue Stilton Cheese 220 G",
							"brandName": "TESCO",
							"shortDescription": null,
							"defaultImageUrl": "https://digitalcontent.api.tesco.com/v2/media/ghs/96f01e8d-e6ad-4f18-b39c-60953f8a97c7/a40e8230-27d9-4a6d-83a2-8b8ddea6b6e4.jpeg?h=225&w=225",
							"superDepartmentId": "b;RnJlc2glMjBGb29k",
							"media": {
								"defaultImage": {
									"aspectRatio": null,
									"__typename": "ProductMediaDefaultImageType"
								},
								"__typename": "ProductMediaType"
							},
							"quantityInBasket": null,
							"superDepartmentName": "Fresh Food",
							"departmentId": "b;RnJlc2glMjBGb29kJTdDQ2hlZXNl",
							"departmentName": "Cheese",
							"aisleId": "b;RnJlc2glMjBGb29kJTdDQ2hlZXNlJTdDU3BlY2lhbHR5JTIwJiUyMENvbnRpbmVudGFsJTIwQ2hlZXNl",
							"aisleName": "Specialty & Continental Cheese",
							"shelfId": "b;RnJlc2glMjBGb29kJTdDQ2hlZXNlJTdDU3BlY2lhbHR5JTIwJiUyMENvbnRpbmVudGFsJTIwQ2hlZXNlJTdDU3RpbHRvbiUyMCYlMjBCbHVlJTIwQ2hlZXNl",
							"shelfName": "Stilton & Blue Cheese",
							"displayType": "Quantity",
							"productType": "SingleProduct",
							"averageWeight": 0,
							"bulkBuyLimit": 16,
							"maxQuantityAllowed": 16,
							"groupBulkBuyLimit": 0,
							"bulkBuyLimitMessage": "You are able to buy a maximum of 16 of this item",
							"bulkBuyLimitGroupId": "G00000014",
							"timeRestrictedDelivery": null,
							"restrictedDelivery": null,
							"isInFavourites": null,
							"isNew": false,
							"isRestrictedOrderAmendment": null,
							"maxWeight": 0,
							"minWeight": 0,
							"increment": 0,
							"details": {
								"components": [
									{
										"isLowEverydayPricing": false,
										"__typename": "AdditionalInfo"
									}
								],
								"__typename": "ProductDetailsType"
							},
							"catchWeightList": null,
							"restrictions": [],
							"reviews": {
								"stats": {
									"noOfReviews": 66,
									"overallRating": 4.1,
									"overallRatingRange": 5,
									"__typename": "ReviewStatsType"
								},
								"__typename": "ReviewsType"
							},
							"modelMetadata": null
						},
						"__typename": "CompositeResultType"
					},
					{
						"node": {
							"typename": "ProductType",
							"context": null,
							"__typename": "ProductType",
							"sellers": {
								"__typename": "ProductSellers",
								"results": [
									{
										"id": "264932512",
										"__typename": "ProductType",
										"isForSale": true,
										"status": "AvailableForSale",
										"seller": null,
										"price": {
											"price": 4.5,
											"unitPrice": 10,
											"unitOfMeasure": "kg",
											"actual": 4.5,
											"__typename": "PriceType"
										},
										"promotions": [
											{
												"id": "96645114",
												"promotionType": null,
												"startDate": "2025-12-12T00:00:00Z",
												"endDate": "2025-12-31T00:00:00Z",
												"description": "\u00a33.50 Clubcard Price",
												"unitSellingInfo": "\u00a37.78/kg",
												"price": {
													"beforeDiscount": null,
													"afterDiscount": 4.5,
													"__typename": "PromotionPriceType"
												},
												"attributes": [
													"CLUBCARD_PRICING"
												],
												"__typename": "PromotionType"
											}
										],
										"fulfilment": null
									}
								]
							},
							"id": "264932512",
							"tpnb": "64281899",
							"tpnc": "264932512",
							"gtin": "05000168153391",
							"adId": null,
							"baseProductId": "64281899",
							"title": "Jacobs Biscuits For Cheese 450G",
							"brandName": "JACOB'S",
							"shortDescription": null,
							"defaultImageUrl": "https://digitalcontent.api.tesco.com/v2/media/ghs/644d62c5-db38-4c15-a297-1afcdd8752fd/aad0f7b4-e8b8-46bd-9ce9-dac9d967eebc_134427670.jpeg?h=225&w=225",
							"superDepartmentId": "b;Rm9vZCUyMEN1cGJvYXJk",
							"media": {
								"defaultImage": {
									"aspectRatio": null,
									"__typename": "ProductMediaDefaultImageType"
								},
								"__typename": "ProductMediaType"
							},
							"quantityInBasket": null,
							"superDepartmentName": "Food Cupboard",
							"departmentId": "b;Rm9vZCUyMEN1cGJvYXJkJTdDQmlzY3VpdHMlMjAmJTIwQ2VyZWFsJTIwQmFycw==",
							"departmentName": "Biscuits & Cereal Bars",
							"aisleId": "b;Rm9vZCUyMEN1cGJvYXJkJTdDQmlzY3VpdHMlMjAmJTIwQ2VyZWFsJTIwQmFycyU3Q0Jpc2N1aXQlMjBBc3NvcnRtZW50cw==",
							"aisleName": "Biscuit Assortments",
							"shelfId": "b;Rm9vZCUyMEN1cGJvYXJkJTdDQmlzY3VpdHMlMjAmJTIwQ2VyZWFsJTIwQmFycyU3Q0Jpc2N1aXQlMjBBc3NvcnRtZW50cyU3Q1NlYXNvbmFsJTIwQmlzY3VpdHM=",
							"shelfName": "Seasonal Biscuits",
							"displayType": "Quantity",
							"productType": "SingleProduct",
							"averageWeight": 0,
							"bulkBuyLimit": 25,
							"maxQuantityAllowed": 25,
							"groupBulkBuyLimit": 0,
							"bulkBuyLimitMessage": "You are able to buy a maximum of 25 of this item",
							"bulkBuyLimitGroupId": "G00000128",
							"timeRestrictedDelivery": null,
							"restrictedDelivery": null,
							"isInFavourites": null,
							"isNew": true,
							"isRestrictedOrderAmendment": null,
							"maxWeight": 0,
							"minWeight": 0,
							"increment": 0,
							"details": {
								"components": [
									{
										"isLowEverydayPricing": false,
										"__typename": "AdditionalInfo"
									}
								],
								"__typename": "ProductDetailsType"
							},
							"catchWeightList": null,
							"restrictions": [
								{
									"type": "RdgDateRange",
									"isViolated": false,
									"message": "This product is available for delivery or collection until 23/12/2025",
									"__typename": "ProductRestrictionType"
								}
							],
							"reviews": {
								"stats": {
									"noOfReviews": 154,
									"overallRating": 4.9,
									"overallRatingRange": 5,
									"__typename": "ReviewStatsType"
								},
								"__typename": "ReviewsType"
							},
							"modelMetadata": null
						},
						"__typename": "CompositeResultType"
					},
					{
						"node": {
							"typename": "ProductType",
							"context": null,
							"__typename": "ProductType",
							"sellers": {
								"__typename": "ProductSellers",
								"results": [
									{
										"id": "256344327",
										"__typename": "ProductType",
										"isForSale": true,
										"status": "AvailableForSale",
										"seller": null,
										"price": {
											"price": 2.6,
											"unitPrice": 10.4,
											"unitOfMeasure": "kg",
											"actual": 2.6,
											"__typename": "PriceType"
										},
										"promotions": [
											{
												"id": "93341347",
												"promotionType": null,
												"startDate": "2025-06-27T23:00:00Z",
												"endDate": "2026-01-01T00:00:00Z",
												"description": "Any 2 for \u00a34.50 Clubcard Price - Selected Sliced And Grated Cheese",
												"unitSellingInfo": null,
												"price": null,
												"attributes": [
													"CLUBCARD_PRICING"
												],
												"__typename": "PromotionType"
											}
										],
										"fulfilment": null
									}
								]
							},
							"id": "256344327",
							"tpnb": "58063026",
							"tpnc": "256344327",
							"gtin": "05010204155746",
							"adId": null,
							"baseProductId": "58063026",
							"title": "Tesco British Extra Mature Grated Cheddar Cheese 250 G",
							"brandName": "TESCO",
							"shortDescription": null,
							"defaultImageUrl": "https://digitalcontent.api.tesco.com/v2/media/ghs/eb67b7a8-09d0-4c53-abd5-f97730b2ff51/05f3c069-bfce-4aa4-b99a-452070c292c7.jpeg?h=225&w=225",
							"superDepartmentId": "b;RnJlc2glMjBGb29k",
							"media": {
								"defaultImage": {
									"aspectRatio": null,
									"__typename": "ProductMediaDefaultImageType"
								},
								"__typename": "ProductMediaType"
							},
							"quantityInBasket": null,
							"superDepartmentName": "Fresh Food",
							"departmentId": "b;RnJlc2glMjBGb29kJTdDQ2hlZXNl",
							"departmentName": "Cheese",
							"aisleId": "b;RnJlc2glMjBGb29kJTdDQ2hlZXNlJTdDR3JhdGVkJTIwJiUyMFNsaWNlZCUyMENoZWVzZQ==",
							"aisleName": "Grated & Sliced Cheese",
							"shelfId": "b;RnJlc2glMjBGb29kJTdDQ2hlZXNlJTdDR3JhdGVkJTIwJiUyMFNsaWNlZCUyMENoZWVzZSU3Q0dyYXRlZCUyMENoZWVzZQ==",
							"shelfName": "Grated Cheese",
							"displayType": "Quantity",
							"productType": "SingleProduct",
							"averageWeight": 0,
							"bulkBuyLimit": 25,
							"maxQuantityAllowed": 25,
							"groupBulkBuyLimit": 0,
							"bulkBuyLimitMessage": "You are able to buy a maximum of 25 of this item",
							"bulkBuyLimitGroupId": "G00000216",
							"timeRestrictedDelivery": null,
							"restrictedDelivery": null,
							"isInFavourites": null,
							"isNew": false,
							"isRestrictedOrderAmendment": null,
							"maxWeight": 0,
							"minWeight": 0,
							"increment": 0,
							"details": {
								"components": [
									{
										"isLowEverydayPricing": false,
										"__typename": "AdditionalInfo"
									}
								],
								"__typename": "ProductDetailsType"
							},
							"catchWeightList": null,
							"restrictions": [],
							"reviews": {
								"stats": {
									"noOfReviews": 125,
									"overallRating": 4.5,
									"overallRatingRange": 5,
									"__typename": "ReviewStatsType"
								},
								"__typename": "ReviewsType"
							},
							"modelMetadata": null
						},
						"__typename": "CompositeResultType"
					},
					{
						"node": {
							"typename": "ProductType",
							"context": null,
							"__typename": "ProductType",
							"sellers": {
								"__typename": "ProductSellers",
								"results": [
									{
										"id": "252890607",
										"__typename": "ProductType",
										"isForSale": true,
										"status": "AvailableForSale",
										"seller": null,
										"price": {
											"price": 3.2,
											"unitPrice": 21.33,
											"unitOfMeasure": "kg",
											"actual": 3.2,
											"__typename": "PriceType"
										},
										"promotions": [
											{
												"id": "95411259",
												"promotionType": null,
												"startDate": "2025-11-26T00:00:00Z",
												"endDate": "2025-12-19T00:00:00Z",
												"description": "\u00a32.55 Clubcard Price",
												"unitSellingInfo": "\u00a317.00/kg",
												"price": {
													"beforeDiscount": null,
													"afterDiscount": 3.2,
													"__typename": "PromotionPriceType"
												},
												"attributes": [
													"CLUBCARD_PRICING"
												],
												"__typename": "PromotionType"
											}
										],
										"fulfilment": null
									}
								]
							},
							"id": "252890607",
							"tpnb": "51405855",
							"tpnc": "252890607",
							"gtin": "03341502000110",
							"adId": null,
							"baseProductId": "51405855",
							"title": "Saint Agur Blue Cheese 150G",
							"brandName": "ST AGUR",
							"shortDescription": null,
							"defaultImageUrl": "https://digitalcontent.api.tesco.com/v2/media/ghs/e5f6858d-e23c-4fbe-959a-77eb07d1ac2f/fc2c36de-f00d-4cf2-b8c7-eb4ea4fdbb1c.jpeg?h=225&w=225",
							"superDepartmentId": "b;RnJlc2glMjBGb29k",
							"media": {
								"defaultImage": {
									"aspectRatio": null,
									"__typename": "ProductMediaDefaultImageType"
								},
								"__typename": "ProductMediaType"
							},
							"quantityInBasket": null,
							"superDepartmentName": "Fresh Food",
							"departmentId": "b;RnJlc2glMjBGb29kJTdDQ2hlZXNl",
							"departmentName": "Cheese",
							"aisleId": "b;RnJlc2glMjBGb29kJTdDQ2hlZXNlJTdDU3BlY2lhbHR5JTIwJiUyMENvbnRpbmVudGFsJTIwQ2hlZXNl",
							"aisleName": "Specialty & Continental Cheese",
							"shelfId": "b;RnJlc2glMjBGb29kJTdDQ2hlZXNlJTdDU3BlY2lhbHR5JTIwJiUyMENvbnRpbmVudGFsJTIwQ2hlZXNlJTdDU3RpbHRvbiUyMCYlMjBCbHVlJTIwQ2hlZXNl",
							"shelfName": "Stilton & Blue Cheese",
							"displayType": "Quantity",
							"productType": "SingleProduct",
							"averageWeight": 0,
							"bulkBuyLimit": 25,
							"maxQuantityAllowed": 25,
							"groupBulkBuyLimit": 0,
							"bulkBuyLimitMessage": "You are able to buy a maximum of 25 of this item",
							"bulkBuyLimitGroupId": "G00000216",
							"timeRestrictedDelivery": null,
							"restrictedDelivery": null,
							"isInFavourites": null,
							"isNew": false,
							"isRestrictedOrderAmendment": null,
							"maxWeight": 0,
							"minWeight": 0,
							"increment": 0,
							"details": {
								"components": [
									{
										"isLowEverydayPricing": false,
										"__typename": "AdditionalInfo"
									}
								],
								"__typename": "ProductDetailsType"
							},
							"catchWeightList": null,
							"restrictions": [],
							"reviews": {
								"stats": {
									"noOfReviews": 27,
									"overallRating": 4.8,
									"overallRatingRange": 5,
									"__typename": "ReviewStatsType"
								},
								"__typename": "ReviewsType"
							},
							"modelMetadata": null
						},
						"__typename": "CompositeResultType"
					},
					{
						"node": {
							"typename": "ProductType",
							"context": null,
							"__typename": "ProductType",
							"sellers": {
								"__typename": "ProductSellers",
								"results": [
									{
										"id": "321026387",
										"__typename": "ProductType",
										"isForSale": true,
										"status": "AvailableForSale",
										"seller": null,
										"price": {
											"price": 2.1,
											"unitPrice": 16.8,
											"unitOfMeasure": "kg",
											"actual": 2.1,
											"__typename": "PriceType"
										},
										"promotions": [],
										"fulfilment": null
									}
								]
							},
							"id": "321026387",
							"tpnb": "94032971",
							"tpnc": "321026387",
							"gtin": "05059697709180",
							"adId": null,
							"baseProductId": "94032971",
							"title": "TESCO FRENCH LE ROULE GARLIC AND HERBS SOFT CHEESE 125 g",
							"brandName": "TESCO",
							"shortDescription": null,
							"defaultImageUrl": "https://digitalcontent.api.tesco.com/v2/media/ghs/846af5ee-a0ae-488a-8e46-b11bb32c14cd/3252637a-86a1-4b7b-b4ca-1f236ac5eed9_985698612.jpeg?h=225&w=225",
							"superDepartmentId": "b;RnJlc2glMjBGb29k",
							"media": {
								"defaultImage": {
									"aspectRatio": null,
									"__typename": "ProductMediaDefaultImageType"
								},
								"__typename": "ProductMediaType"
							},
							"quantityInBasket": null,
							"superDepartmentName": "Fresh Food",
							"departmentId": "b;RnJlc2glMjBGb29kJTdDQ2hlZXNl",
							"departmentName": "Cheese",
							"aisleId": "b;RnJlc2glMjBGb29kJTdDQ2hlZXNlJTdDU29mdCUyMCYlMjBTcHJlYWRhYmxlJTIwQ2hlZXNl",
							"aisleName": "Soft & Spreadable Cheese",
							"shelfId": "b;RnJlc2glMjBGb29kJTdDQ2hlZXNlJTdDU29mdCUyMCYlMjBTcHJlYWRhYmxlJTIwQ2hlZXNlJTdDU29mdCUyMENoZWVzZSUyMCYlMjBDcmVhbSUyMENoZWVzZQ==",
							"shelfName": "Soft Cheese & Cream Cheese",
							"displayType": "Quantity",
							"productType": "SingleProduct",
							"averageWeight": 0,
							"bulkBuyLimit": 99,
							"maxQuantityAllowed": 99,
							"groupBulkBuyLimit": 0,
							"bulkBuyLimitMessage": "Max allowed is 99.",
							"bulkBuyLimitGroupId": null,
							"timeRestrictedDelivery": null,
							"restrictedDelivery": null,
							"isInFavourites": null,
							"isNew": false,
							"isRestrictedOrderAmendment": null,
							"maxWeight": 0,
							"minWeight": 0,
							"increment": 0,
							"details": {
								"components": [
									{
										"isLowEverydayPricing": false,
										"__typename": "AdditionalInfo"
									}
								],
								"__typename": "ProductDetailsType"
							},
							"catchWeightList": null,
							"restrictions": [],
							"reviews": {
								"stats": {
									"noOfReviews": 17,
									"overallRating": 4.5,
									"overallRatingRange": 5,
									"__typename": "ReviewStatsType"
								},
								"__typename": "ReviewsType"
							},
							"modelMetadata": null
						},
						"__typename": "CompositeResultType"
					},
					{
						"node": {
							"typename": "ProductType",
							"context": null,
							"__typename": "ProductType",
							"sellers": {
								"__typename": "ProductSellers",
								"results": [
									{
										"id": "282362905",
										"__typename": "ProductType",
										"isForSale": true,
										"status": "AvailableForSale",
										"seller": null,
										"price": {
											"price": 2.3,
											"unitPrice": 15.33,
											"unitOfMeasure": "kg",
											"actual": 2.3,
											"__typename": "PriceType"
										},
										"promotions": [],
										"fulfilment": null
									}
								]
							},
							"id": "282362905",
							"tpnb": "75998414",
							"tpnc": "282362905",
							"gtin": "05053526878016",
							"adId": null,
							"baseProductId": "75998414",
							"title": "Tesco Smoked Beechwood Cheese 150G",
							"brandName": "TESCO",
							"shortDescription": null,
							"defaultImageUrl": "https://digitalcontent.api.tesco.com/v2/media/ghs/25c92631-26ac-4980-937d-2ee101b00e5b/90a85c10-0ab3-45df-a180-cda234fadb4d.jpeg?h=225&w=225",
							"superDepartmentId": "b;RnJlc2glMjBGb29k",
							"media": {
								"defaultImage": {
									"aspectRatio": null,
									"__typename": "ProductMediaDefaultImageType"
								},
								"__typename": "ProductMediaType"
							},
							"quantityInBasket": null,
							"superDepartmentName": "Fresh Food",
							"departmentId": "b;RnJlc2glMjBGb29kJTdDQ2hlZXNl",
							"departmentName": "Cheese",
							"aisleId": "b;RnJlc2glMjBGb29kJTdDQ2hlZXNlJTdDU3BlY2lhbHR5JTIwJiUyMENvbnRpbmVudGFsJTIwQ2hlZXNl",
							"aisleName": "Specialty & Continental Cheese",
							"shelfId": "b;RnJlc2glMjBGb29kJTdDQ2hlZXNlJTdDU3BlY2lhbHR5JTIwJiUyMENvbnRpbmVudGFsJTIwQ2hlZXNlJTdDU21va2VkJTIwQ2hlZXNlJTIwJiUyMEZsYXZvdXJlZCUyMENoZWVzZQ==",
							"shelfName": "Smoked Cheese & Flavoured Cheese",
							"displayType": "Quantity",
							"productType": "SingleProduct",
							"averageWeight": 0,
							"bulkBuyLimit": 16,
							"maxQuantityAllowed": 16,
							"groupBulkBuyLimit": 0,
							"bulkBuyLimitMessage": "You are able to buy a maximum of 16 of this item",
							"bulkBuyLimitGroupId": "G00000241",
							"timeRestrictedDelivery": null,
							"restrictedDelivery": null,
							"isInFavourites": null,
							"isNew": false,
							"isRestrictedOrderAmendment": null,
							"maxWeight": 0,
							"minWeight": 0,
							"increment": 0,
							"details": {
								"components": [
									{
										"isLowEverydayPricing": false,
										"__typename": "AdditionalInfo"
									}
								],
								"__typename": "ProductDetailsType"
							},
							"catchWeightList": null,
							"restrictions": [],
							"reviews": {
								"stats": {
									"noOfReviews": 49,
									"overallRating": 3.7,
									"overallRatingRange": 5,
									"__typename": "ReviewStatsType"
								},
								"__typename": "ReviewsType"
							},
							"modelMetadata": null
						},
						"__typename": "CompositeResultType"
					},
					{
						"node": {
							"typename": "ProductType",
							"context": null,
							"__typename": "ProductType",
							"sellers": {
								"__typename": "ProductSellers",
								"results": [
									{
										"id": "299970194",
										"__typename": "ProductType",
										"isForSale": true,
										"status": "AvailableForSale",
										"seller": null,
										"price": {
											"price": 2.6,
											"unitPrice": 10.4,
											"unitOfMeasure": "kg",
											"actual": 2.6,
											"__typename": "PriceType"
										},
										"promotions": [
											{
												"id": "93341347",
												"promotionType": null,
												"startDate": "2025-06-27T23:00:00Z",
												"endDate": "2026-01-01T00:00:00Z",
												"description": "Any 2 for \u00a34.50 Clubcard Price - Selected Sliced And Grated Cheese",
												"unitSellingInfo": null,
												"price": null,
												"attributes": [
													"CLUBCARD_PRICING"
												],
												"__typename": "PromotionType"
											}
										],
										"fulfilment": null
									}
								]
							},
							"id": "299970194",
							"tpnb": "84810394",
							"tpnc": "299970194",
							"gtin": "05057545877579",
							"adId": null,
							"baseProductId": "84810394",
							"title": "Tesco 50% Reduced Fat Mature Grated Cheese 250G",
							"brandName": "TESCO",
							"shortDescription": null,
							"defaultImageUrl": "https://digitalcontent.api.tesco.com/v2/media/ghs/5f90d629-16f5-4a3e-be63-be37cc68fe9b/d3ca799c-7b50-4574-9dd7-20d207dbf0fc.jpeg?h=225&w=225",
							"superDepartmentId": "b;RnJlc2glMjBGb29k",
							"media": {
								"defaultImage": {
									"aspectRatio": null,
									"__typename": "ProductMediaDefaultImageType"
								},
								"__typename": "ProductMediaType"
							},
							"quantityInBasket": null,
							"superDepartmentName": "Fresh Food",
							"departmentId": "b;RnJlc2glMjBGb29kJTdDQ2hlZXNl",
							"departmentName": "Cheese",
							"aisleId": "b;RnJlc2glMjBGb29kJTdDQ2hlZXNlJTdDR3JhdGVkJTIwJiUyMFNsaWNlZCUyMENoZWVzZQ==",
							"aisleName": "Grated & Sliced Cheese",
							"shelfId": "b;RnJlc2glMjBGb29kJTdDQ2hlZXNlJTdDR3JhdGVkJTIwJiUyMFNsaWNlZCUyMENoZWVzZSU3Q0dyYXRlZCUyMENoZWVzZQ==",
							"shelfName": "Grated Cheese",
							"displayType": "Quantity",
							"productType": "SingleProduct",
							"averageWeight": 0,
							"bulkBuyLimit": 25,
							"maxQuantityAllowed": 25,
							"groupBulkBuyLimit": 0,
							"bulkBuyLimitMessage": "You are able to buy a maximum of 25 of this item",
							"bulkBuyLimitGroupId": "G00000053",
							"timeRestrictedDelivery": null,
							"restrictedDelivery": null,
							"isInFavourites": null,
							"isNew": false,
							"isRestrictedOrderAmendment": null,
							"maxWeight": 0,
							"minWeight": 0,
							"increment": 0,
							"details": {
								"components": [
									{
										"isLowEverydayPricing": false,
										"__typename": "AdditionalInfo"
									}
								],
								"__typename": "ProductDetailsType"
							},
							"catchWeightList": null,
							"restrictions": [],
							"reviews": {
								"stats": {
									"noOfReviews": 95,
									"overallRating": 4.5,
									"overallRatingRange": 5,
									"__typename": "ReviewStatsType"
								},
								"__typename": "ReviewsType"
							},
							"modelMetadata": null
						},
						"__typename": "CompositeResultType"
					},
					{
						"node": {
							"typename": "ProductType",
							"context": null,
							"__typename": "ProductType",
							"sellers": {
								"__typename": "ProductSellers",
								"results": [
									{
										"id": "305977270",
										"__typename": "ProductType",
										"isForSale": true,
										"status": "AvailableForSale",
										"seller": null,
										"price": {
											"price": 3.35,
											"unitPrice": 8.38,
											"unitOfMeasure": "kg",
											"actual": 3.35,
											"__typename": "PriceType"
										},
										"promotions": [],
										"fulfilment": null
									}
								]
							},
							"id": "305977270",
							"tpnb": "87889445",
							"tpnc": "305977270",
							"gtin": "05057753909536",
							"adId": null,
							"baseProductId": "87889445",
							"title": "Tesco Mature Cheddar 400G",
							"brandName": "TESCO",
							"shortDescription": null,
							"defaultImageUrl": "https://digitalcontent.api.tesco.com/v2/media/ghs/86d149ca-5aaa-403c-8e79-9df3e1d54fae/cf5fd437-ff41-442f-b487-0239691ceac7.jpeg?h=225&w=225",
							"superDepartmentId": "b;RnJlc2glMjBGb29k",
							"media": {
								"defaultImage": {
									"aspectRatio": null,
									"__typename": "ProductMediaDefaultImageType"
								},
								"__typename": "ProductMediaType"
							},
							"quantityInBasket": null,
							"superDepartmentName": "Fresh Food",
							"departmentId": "b;RnJlc2glMjBGb29kJTdDQ2hlZXNl",
							"departmentName": "Cheese",
							"aisleId": "b;RnJlc2glMjBGb29kJTdDQ2hlZXNlJTdDQ2hlZGRhciUyMENoZWVzZQ==",
							"aisleName": "Cheddar Cheese",
							"shelfId": "b;RnJlc2glMjBGb29kJTdDQ2hlZXNlJTdDQ2hlZGRhciUyMENoZWVzZSU3Q01hdHVyZSUyMENoZWRkYXIlMjBDaGVlc2U=",
							"shelfName": "Mature Cheddar Cheese",
							"displayType": "Quantity",
							"productType": "SingleProduct",
							"averageWeight": 0,
							"bulkBuyLimit": 25,
							"maxQuantityAllowed": 25,
							"groupBulkBuyLimit": 0,
							"bulkBuyLimitMessage": "You are able to buy a maximum of 25 of this item",
							"bulkBuyLimitGroupId": "G00000216",
							"timeRestrictedDelivery": null,
							"restrictedDelivery": null,
							"isInFavourites": null,
							"isNew": false,
							"isRestrictedOrderAmendment": null,
							"maxWeight": 0,
							"minWeight": 0,
							"increment": 0,
							"details": {
								"components": [
									{
										"isLowEverydayPricing": false,
										"__typename": "AdditionalInfo"
									}
								],
								"__typename": "ProductDetailsType"
							},
							"catchWeightList": null,
							"restrictions": [],
							"reviews": {
								"stats": {
									"noOfReviews": 83,
									"overallRating": 4.1,
									"overallRatingRange": 5,
									"__typename": "ReviewStatsType"
								},
								"__typename": "ReviewsType"
							},
							"modelMetadata": null
						},
						"__typename": "CompositeResultType"
					},
					{
						"node": {
							"typename": "ProductType",
							"context": null,
							"__typename": "ProductType",
							"sellers": {
								"__typename": "ProductSellers",
								"results": [
									{
										"id": "288456745",
										"__typename": "ProductType",
										"isForSale": true,
										"status": "AvailableForSale",
										"seller": null,
										"price": {
											"price": 2.1,
											"unitPrice": 17.5,
											"unitOfMeasure": "kg",
											"actual": 2.1,
											"__typename": "PriceType"
										},
										"promotions": [
											{
												"id": "95835906",
												"promotionType": null,
												"startDate": "2025-11-26T00:00:00Z",
												"endDate": "2025-12-19T00:00:00Z",
												"description": "\u00a31.75 Clubcard Price",
												"unitSellingInfo": "\u00a314.58/kg",
												"price": {
													"beforeDiscount": null,
													"afterDiscount": 2.1,
													"__typename": "PromotionPriceType"
												},
												"attributes": [
													"CLUBCARD_PRICING"
												],
												"__typename": "PromotionType"
											}
										],
										"fulfilment": null
									}
								]
							},
							"id": "288456745",
							"tpnb": "79078484",
							"tpnc": "288456745",
							"gtin": "05000295109094",
							"adId": null,
							"baseProductId": "79078484",
							"title": "Cathedral City Minis Mature Cheddar Cheese 6x20g",
							"brandName": "CATHEDRAL CITY",
							"shortDescription": null,
							"defaultImageUrl": "https://digitalcontent.api.tesco.com/v2/media/ghs/f40523a0-6a6a-4d03-8624-b0b6d31e3230/3b9bc538-dcf0-404a-9668-3b073ac0a440.jpeg?h=225&w=225",
							"superDepartmentId": "b;RnJlc2glMjBGb29k",
							"media": {
								"defaultImage": {
									"aspectRatio": null,
									"__typename": "ProductMediaDefaultImageType"
								},
								"__typename": "ProductMediaType"
							},
							"quantityInBasket": null,
							"superDepartmentName": "Fresh Food",
							"departmentId": "b;RnJlc2glMjBGb29kJTdDQ2hlZXNl",
							"departmentName": "Cheese",
							"aisleId": "b;RnJlc2glMjBGb29kJTdDQ2hlZXNlJTdDQ2hlZXNlJTIwU25hY2tpbmclMjAmJTIwTHVuY2hib3g=",
							"aisleName": "Cheese Snacking & Lunchbox",
							"shelfId": "b;RnJlc2glMjBGb29kJTdDQ2hlZXNlJTdDQ2hlZXNlJTIwU25hY2tpbmclMjAmJTIwTHVuY2hib3glN0NDaGVlc2UlMjBTbmFja2luZyUyMCYlMjBNaW5pcw==",
							"shelfName": "Cheese Snacking & Minis",
							"displayType": "Quantity",
							"productType": "SingleProduct",
							"averageWeight": 0,
							"bulkBuyLimit": 25,
							"maxQuantityAllowed": 25,
							"groupBulkBuyLimit": 0,
							"bulkBuyLimitMessage": "You are able to buy a maximum of 25 of this item",
							"bulkBuyLimitGroupId": "G00000216",
							"timeRestrictedDelivery": null,
							"restrictedDelivery": null,
							"isInFavourites": null,
							"isNew": false,
							"isRestrictedOrderAmendment": null,
							"maxWeight": 0,
							"minWeight": 0,
							"increment": 0,
							"details": {
								"components": [
									{
										"isLowEverydayPricing": false,
										"__typename": "AdditionalInfo"
									}
								],
								"__typename": "ProductDetailsType"
							},
							"catchWeightList": null,
							"restrictions": [],
							"reviews": {
								"stats": {
									"noOfReviews": 11,
									"overallRating": 4.6,
									"overallRatingRange": 5,
									"__typename": "ReviewStatsType"
								},
								"__typename": "ReviewsType"
							},
							"modelMetadata": null
						},
						"__typename": "CompositeResultType"
					},
					{
						"node": {
							"typename": "ProductType",
							"context": null,
							"__typename": "ProductType",
							"sellers": {
								"__typename": "ProductSellers",
								"results": [
									{
										"id": "311678197",
										"__typename": "ProductType",
										"isForSale": true,
										"status": "AvailableForSale",
										"seller": null,
										"price": {
											"price": 2.25,
											"unitPrice": 13.64,
											"unitOfMeasure": "kg",
											"actual": 2.25,
											"__typename": "PriceType"
										},
										"promotions": [],
										"fulfilment": null
									}
								]
							},
							"id": "311678197",
							"tpnb": "90716318",
							"tpnc": "311678197",
							"gtin": "07622201693916",
							"adId": null,
							"baseProductId": "90716318",
							"title": "Philadelphia Original Soft Cream Cheese 165G",
							"brandName": "PHILADELPHIA",
							"shortDescription": null,
							"defaultImageUrl": "https://digitalcontent.api.tesco.com/v2/media/ghs/7548c0a5-3e2b-4147-9d1e-23893a738cda/8eb80ece-ee44-49de-aa79-a91b3f7a1338_1582639832.jpeg?h=225&w=225",
							"superDepartmentId": "b;RnJlc2glMjBGb29k",
							"media": {
								"defaultImage": {
									"aspectRatio": null,
									"__typename": "ProductMediaDefaultImageType"
								},
								"__typename": "ProductMediaType"
							},
							"quantityInBasket": null,
							"superDepartmentName": "Fresh Food",
							"departmentId": "b;RnJlc2glMjBGb29kJTdDQ2hlZXNl",
							"departmentName": "Cheese",
							"aisleId": "b;RnJlc2glMjBGb29kJTdDQ2hlZXNlJTdDU29mdCUyMCYlMjBTcHJlYWRhYmxlJTIwQ2hlZXNl",
							"aisleName": "Soft & Spreadable Cheese",
							"shelfId": "b;RnJlc2glMjBGb29kJTdDQ2hlZXNlJTdDU29mdCUyMCYlMjBTcHJlYWRhYmxlJTIwQ2hlZXNlJTdDU29mdCUyMENoZWVzZSUyMCYlMjBDcmVhbSUyMENoZWVzZQ==",
							"shelfName": "Soft Cheese & Cream Cheese",
							"displayType": "Quantity",
							"productType": "SingleProduct",
							"averageWeight": 0,
							"bulkBuyLimit": 25,
							"maxQuantityAllowed": 25,
							"groupBulkBuyLimit": 0,
							"bulkBuyLimitMessage": "You are able to buy a maximum of 25 of this item",
							"bulkBuyLimitGroupId": "G00004933",
							"timeRestrictedDelivery": null,
							"restrictedDelivery": null,
							"isInFavourites": null,
							"isNew": false,
							"isRestrictedOrderAmendment": null,
							"maxWeight": 0,
							"minWeight": 0,
							"increment": 0,
							"details": {
								"components": [
									{
										"isLowEverydayPricing": false,
										"__typename": "AdditionalInfo"
									}
								],
								"__typename": "ProductDetailsType"
							},
							"catchWeightList": null,
							"restrictions": [],
							"reviews": {
								"stats": {
									"noOfReviews": 110,
									"overallRating": 4.7,
									"overallRatingRange": 5,
									"__typename": "ReviewStatsType"
								},
								"__typename": "ReviewsType"
							},
							"modelMetadata": null
						},
						"__typename": "CompositeResultType"
					},
					{
						"node": {
							"typename": "ProductType",
							"context": null,
							"__typename": "ProductType",
							"sellers": {
								"__typename": "ProductSellers",
								"results": [
									{
										"id": "316425193",
										"__typename": "ProductType",
										"isForSale": true,
										"status": "AvailableForSale",
										"seller": null,
										"price": {
											"price": 1.25,
											"unitPrice": 8.93,
											"unitOfMeasure": "kg",
											"actual": 1.25,
											"__typename": "PriceType"
										},
										"promotions": [
											{
												"id": "94677146",
												"promotionType": null,
												"startDate": "2025-11-05T00:00:00Z",
												"endDate": "2026-01-03T00:00:00Z",
												"description": "\u00a31.00 Clubcard Price",
												"unitSellingInfo": "\u00a37.14/kg",
												"price": {
													"beforeDiscount": null,
													"afterDiscount": 1.25,
													"__typename": "PromotionPriceType"
												},
												"attributes": [
													"CLUBCARD_PRICING"
												],
												"__typename": "PromotionType"
											}
										],
										"fulfilment": null
									}
								]
							},
							"id": "316425193",
							"tpnb": "93041260",
							"tpnc": "316425193",
							"gtin": "07622201386757",
							"adId": null,
							"baseProductId": "93041260",
							"title": "Ritz Cheese Flavour Crackers 140g",
							"brandName": "RITZ",
							"shortDescription": null,
							"defaultImageUrl": "https://digitalcontent.api.tesco.com/v2/media/ghs/603e43d0-46fc-409e-a42b-2a815f7facf5/6ee54a8f-3f22-482b-8142-aa0a01be7c21_699824118.jpeg?h=225&w=225",
							"superDepartmentId": "b;Rm9vZCUyMEN1cGJvYXJk",
							"media": {
								"defaultImage": {
									"aspectRatio": null,
									"__typename": "ProductMediaDefaultImageType"
								},
								"__typename": "ProductMediaType"
							},
							"quantityInBasket": null,
							"superDepartmentName": "Food Cupboard",
							"departmentId": "b;Rm9vZCUyMEN1cGJvYXJkJTdDQ3JhY2tlcnMlMjAmJTIwQ3Jpc3BicmVhZHM=",
							"departmentName": "Crackers & Crispbreads",
							"aisleId": "b;Rm9vZCUyMEN1cGJvYXJkJTdDQ3JhY2tlcnMlMjAmJTIwQ3Jpc3BicmVhZHMlN0NCcmVhZHN0aWNrcyUyMCYlMjBUd2lzdHM=",
							"aisleName": "Breadsticks & Twists",
							"shelfId": "b;Rm9vZCUyMEN1cGJvYXJkJTdDQ3JhY2tlcnMlMjAmJTIwQ3Jpc3BicmVhZHMlN0NCcmVhZHN0aWNrcyUyMCYlMjBUd2lzdHMlN0NOaWJibGVzJTIwJiUyMEJpdGVz",
							"shelfName": "Nibbles & Bites",
							"displayType": "Quantity",
							"productType": "SingleProduct",
							"averageWeight": 0,
							"bulkBuyLimit": 25,
							"maxQuantityAllowed": 25,
							"groupBulkBuyLimit": 0,
							"bulkBuyLimitMessage": "You have reached the maximum quantity for this product",
							"bulkBuyLimitGroupId": "G00004389",
							"timeRestrictedDelivery": null,
							"restrictedDelivery": null,
							"isInFavourites": null,
							"isNew": false,
							"isRestrictedOrderAmendment": null,
							"maxWeight": 0,
							"minWeight": 0,
							"increment": 0,
							"details": {
								"components": [
									{
										"isLowEverydayPricing": false,
										"__typename": "AdditionalInfo"
									}
								],
								"__typename": "ProductDetailsType"
							},
							"catchWeightList": null,
							"restrictions": [],
							"reviews": {
								"stats": {
									"noOfReviews": 10,
									"overallRating": 2.1,
									"overallRatingRange": 5,
									"__typename": "ReviewStatsType"
								},
								"__typename": "ReviewsType"
							},
							"modelMetadata": null
						},
						"__typename": "CompositeResultType"
					},
					{
						"node": {
							"typename": "ProductType",
							"context": null,
							"__typename": "ProductType",
							"sellers": {
								"__typename": "ProductSellers",
								"results": [
									{
										"id": "302676607",
										"__typename": "ProductType",
										"isForSale": true,
										"status": "AvailableForSale",
										"seller": null,
										"price": {
											"price": 2.79,
											"unitPrice": 6.98,
											"unitOfMeasure": "kg",
											"actual": 2.79,
											"__typename": "PriceType"
										},
										"promotions": [],
										"fulfilment": null
									}
								]
							},
							"id": "302676607",
							"tpnb": "86173504",
							"tpnc": "302676607",
							"gtin": "05057967013869",
							"adId": null,
							"baseProductId": "86173504",
							"title": "Creamfields Mature White Cheddar 400G",
							"brandName": "CREAMFIELDS",
							"shortDescription": null,
							"defaultImageUrl": "https://digitalcontent.api.tesco.com/v2/media/ghs/cba46e95-1b5c-4fee-80ad-61ea4c0f3c72/56fc84ac-280a-423d-b029-974431758519_942672414.jpeg?h=225&w=225",
							"superDepartmentId": "b;RnJlc2glMjBGb29k",
							"media": {
								"defaultImage": {
									"aspectRatio": null,
									"__typename": "ProductMediaDefaultImageType"
								},
								"__typename": "ProductMediaType"
							},
							"quantityInBasket": null,
							"superDepartmentName": "Fresh Food",
							"departmentId": "b;RnJlc2glMjBGb29kJTdDQ2hlZXNl",
							"departmentName": "Cheese",
							"aisleId": "b;RnJlc2glMjBGb29kJTdDQ2hlZXNlJTdDQ2hlZGRhciUyMENoZWVzZQ==",
							"aisleName": "Cheddar Cheese",
							"shelfId": "b;RnJlc2glMjBGb29kJTdDQ2hlZXNlJTdDQ2hlZGRhciUyMENoZWVzZSU3Q01hdHVyZSUyMENoZWRkYXIlMjBDaGVlc2U=",
							"shelfName": "Mature Cheddar Cheese",
							"displayType": "Quantity",
							"productType": "SingleProduct",
							"averageWeight": 0,
							"bulkBuyLimit": 16,
							"maxQuantityAllowed": 16,
							"groupBulkBuyLimit": 0,
							"bulkBuyLimitMessage": "You are able to buy a maximum of 16 of this item",
							"bulkBuyLimitGroupId": "G00000241",
							"timeRestrictedDelivery": null,
							"restrictedDelivery": null,
							"isInFavourites": null,
							"isNew": false,
							"isRestrictedOrderAmendment": null,
							"maxWeight": 0,
							"minWeight": 0,
							"increment": 0,
							"details": {
								"components": [
									{
										"isLowEverydayPricing": false,
										"__typename": "AdditionalInfo"
									},
									{
										"competitors": [
											{
												"id": "ALDI",
												"priceMatch": {
													"isMatching": true,
													"__typename": "PriceMatch"
												},
												"__typename": "Competitor"
											}
										],
										"__typename": "CompetitorsInfo"
									}
								],
								"__typename": "ProductDetailsType"
							},
							"catchWeightList": null,
							"restrictions": [],
							"reviews": {
								"stats": {
									"noOfReviews": 103,
									"overallRating": 3.7,
									"overallRatingRange": 5,
									"__typename": "ReviewStatsType"
								},
								"__typename": "ReviewsType"
							},
							"modelMetadata": null
						},
						"__typename": "CompositeResultType"
					},
					{
						"node": {
							"typename": "ProductType",
							"context": null,
							"__typename": "ProductType",
							"sellers": {
								"__typename": "ProductSellers",
								"results": [
									{
										"id": "305989479",
										"__typename": "ProductType",
										"isForSale": true,
										"status": "AvailableForSale",
										"seller": null,
										"price": {
											"price": 3.35,
											"unitPrice": 8.38,
											"unitOfMeasure": "kg",
											"actual": 3.35,
											"__typename": "PriceType"
										},
										"promotions": [],
										"fulfilment": null
									}
								]
							},
							"id": "305989479",
							"tpnb": "87884341",
							"tpnc": "305989479",
							"gtin": "05057753926748",
							"adId": null,
							"baseProductId": "87884341",
							"title": "Tesco Red Leicester Cheese 400G",
							"brandName": "TESCO",
							"shortDescription": null,
							"defaultImageUrl": "https://digitalcontent.api.tesco.com/v2/media/ghs/b030552f-372a-43d2-8198-851087edbadb/5a1f109e-6833-4d16-87c0-ca74cc39e521.jpeg?h=225&w=225",
							"superDepartmentId": "b;RnJlc2glMjBGb29k",
							"media": {
								"defaultImage": {
									"aspectRatio": null,
									"__typename": "ProductMediaDefaultImageType"
								},
								"__typename": "ProductMediaType"
							},
							"quantityInBasket": null,
							"superDepartmentName": "Fresh Food",
							"departmentId": "b;RnJlc2glMjBGb29kJTdDQ2hlZXNl",
							"departmentName": "Cheese",
							"aisleId": "b;RnJlc2glMjBGb29kJTdDQ2hlZXNlJTdDUmVnaW9uYWwlMjBDaGVlc2U=",
							"aisleName": "Regional Cheese",
							"shelfId": "b;RnJlc2glMjBGb29kJTdDQ2hlZXNlJTdDUmVnaW9uYWwlMjBDaGVlc2UlN0NSZWQlMjBMZWljZXN0ZXIlMjBDaGVlc2U=",
							"shelfName": "Red Leicester Cheese",
							"displayType": "Quantity",
							"productType": "SingleProduct",
							"averageWeight": 0,
							"bulkBuyLimit": 25,
							"maxQuantityAllowed": 25,
							"groupBulkBuyLimit": 0,
							"bulkBuyLimitMessage": "You are able to buy a maximum of 25 of this item",
							"bulkBuyLimitGroupId": "G00000053",
							"timeRestrictedDelivery": null,
							"restrictedDelivery": null,
							"isInFavourites": null,
							"isNew": false,
							"isRestrictedOrderAmendment": null,
							"maxWeight": 0,
							"minWeight": 0,
							"increment": 0,
							"details": {
								"components": [
									{
										"isLowEverydayPricing": false,
										"__typename": "AdditionalInfo"
									}
								],
								"__typename": "ProductDetailsType"
							},
							"catchWeightList": null,
							"restrictions": [],
							"reviews": {
								"stats": {
									"noOfReviews": 139,
									"overallRating": 4.4,
									"overallRatingRange": 5,
									"__typename": "ReviewStatsType"
								},
								"__typename": "ReviewsType"
							},
							"modelMetadata": null
						},
						"__typename": "CompositeResultType"
					},
					{
						"node": {
							"typename": "ProductType",
							"context": null,
							"__typename": "ProductType",
							"sellers": {
								"__typename": "ProductSellers",
								"results": [
									{
										"id": "264156169",
										"__typename": "ProductType",
										"isForSale": false,
										"status": "ExcludedProduct",
										"seller": null,
										"price": {
											"price": 2.95,
											"unitPrice": 11.8,
											"unitOfMeasure": "kg",
											"actual": 2.95,
											"__typename": "PriceType"
										},
										"promotions": [
											{
												"id": "93341347",
												"promotionType": null,
												"startDate": "2025-06-27T23:00:00Z",
												"endDate": "2026-01-01T00:00:00Z",
												"description": "Any 2 for \u00a34.50 Clubcard Price - Selected Sliced And Grated Cheese",
												"unitSellingInfo": null,
												"price": null,
												"attributes": [
													"CLUBCARD_PRICING"
												],
												"__typename": "PromotionType"
											}
										],
										"fulfilment": null
									}
								]
							},
							"id": "264156169",
							"tpnb": "53765540",
							"tpnc": "264156169",
							"gtin": "05051790297861",
							"adId": null,
							"baseProductId": "53765540",
							"title": "Tesco British Mature Cheddar Cheese 10 Slices, 250 G",
							"brandName": "TESCO",
							"shortDescription": null,
							"defaultImageUrl": "https://digitalcontent.api.tesco.com/v2/media/ghs/5ea86f98-bbd6-4e46-aed4-90c6de5d235b/44d16e22-2567-456e-bf05-762f1de208a2.jpeg?h=225&w=225",
							"superDepartmentId": "b;RnJlc2glMjBGb29k",
							"media": {
								"defaultImage": {
									"aspectRatio": null,
									"__typename": "ProductMediaDefaultImageType"
								},
								"__typename": "ProductMediaType"
							},
							"quantityInBasket": null,
							"superDepartmentName": "Fresh Food",
							"departmentId": "b;RnJlc2glMjBGb29kJTdDQ2hlZXNl",
							"departmentName": "Cheese",
							"aisleId": "b;RnJlc2glMjBGb29kJTdDQ2hlZXNlJTdDR3JhdGVkJTIwJiUyMFNsaWNlZCUyMENoZWVzZQ==",
							"aisleName": "Grated & Sliced Cheese",
							"shelfId": "b;RnJlc2glMjBGb29kJTdDQ2hlZXNlJTdDR3JhdGVkJTIwJiUyMFNsaWNlZCUyMENoZWVzZSU3Q1NsaWNlZCUyMENoZWVzZQ==",
							"shelfName": "Sliced Cheese",
							"displayType": "Quantity",
							"productType": "SingleProduct",
							"averageWeight": 0,
							"bulkBuyLimit": 25,
							"maxQuantityAllowed": 25,
							"groupBulkBuyLimit": 0,
							"bulkBuyLimitMessage": "You are able to buy a maximum of 25 of this item",
							"bulkBuyLimitGroupId": "G00000216",
							"timeRestrictedDelivery": null,
							"restrictedDelivery": null,
							"isInFavourites": null,
							"isNew": false,
							"isRestrictedOrderAmendment": null,
							"maxWeight": 0,
							"minWeight": 0,
							"increment": 0,
							"details": {
								"components": [
									{
										"isLowEverydayPricing": false,
										"__typename": "AdditionalInfo"
									}
								],
								"__typename": "ProductDetailsType"
							},
							"catchWeightList": null,
							"restrictions": [
								{
									"type": "ExcludedProduct",
									"isViolated": true,
									"message": "This product is unavailable",
									"__typename": "ProductRestrictionType"
								}
							],
							"reviews": {
								"stats": {
									"noOfReviews": 68,
									"overallRating": 3.7,
									"overallRatingRange": 5,
									"__typename": "ReviewStatsType"
								},
								"__typename": "ReviewsType"
							},
							"modelMetadata": null
						},
						"__typename": "CompositeResultType"
					},
					{
						"node": {
							"typename": "ProductType",
							"context": null,
							"__typename": "ProductType",
							"sellers": {
								"__typename": "ProductSellers",
								"results": [
									{
										"id": "305960099",
										"__typename": "ProductType",
										"isForSale": true,
										"status": "AvailableForSale",
										"seller": null,
										"price": {
											"price": 3.35,
											"unitPrice": 8.38,
											"unitOfMeasure": "kg",
											"actual": 3.35,
											"__typename": "PriceType"
										},
										"promotions": [],
										"fulfilment": null
									}
								]
							},
							"id": "305960099",
							"tpnb": "87888953",
							"tpnc": "305960099",
							"gtin": "05057753919535",
							"adId": null,
							"baseProductId": "87888953",
							"title": "Tesco 30% Reduced Fat Mature Cheese 400G",
							"brandName": "TESCO",
							"shortDescription": null,
							"defaultImageUrl": "https://digitalcontent.api.tesco.com/v2/media/ghs/864e2a7c-ae7c-417c-9f40-37feb63448a3/f7f562b1-1672-425b-b140-1730ce717ed0.jpeg?h=225&w=225",
							"superDepartmentId": "b;RnJlc2glMjBGb29k",
							"media": {
								"defaultImage": {
									"aspectRatio": null,
									"__typename": "ProductMediaDefaultImageType"
								},
								"__typename": "ProductMediaType"
							},
							"quantityInBasket": null,
							"superDepartmentName": "Fresh Food",
							"departmentId": "b;RnJlc2glMjBGb29kJTdDQ2hlZXNl",
							"departmentName": "Cheese",
							"aisleId": "b;RnJlc2glMjBGb29kJTdDQ2hlZXNlJTdDQ2hlZGRhciUyMENoZWVzZQ==",
							"aisleName": "Cheddar Cheese",
							"shelfId": "b;RnJlc2glMjBGb29kJTdDQ2hlZXNlJTdDQ2hlZGRhciUyMENoZWVzZSU3Q01hdHVyZSUyMENoZWRkYXIlMjBDaGVlc2U=",
							"shelfName": "Mature Cheddar Cheese",
							"displayType": "Quantity",
							"productType": "SingleProduct",
							"averageWeight": 0,
							"bulkBuyLimit": 25,
							"maxQuantityAllowed": 25,
							"groupBulkBuyLimit": 0,
							"bulkBuyLimitMessage": "You are able to buy a maximum of 25 of this item",
							"bulkBuyLimitGroupId": "G00000053",
							"timeRestrictedDelivery": null,
							"restrictedDelivery": null,
							"isInFavourites": null,
							"isNew": false,
							"isRestrictedOrderAmendment": null,
							"maxWeight": 0,
							"minWeight": 0,
							"increment": 0,
							"details": {
								"components": [
									{
										"isLowEverydayPricing": false,
										"__typename": "AdditionalInfo"
									}
								],
								"__typename": "ProductDetailsType"
							},
							"catchWeightList": null,
							"restrictions": [],
							"reviews": {
								"stats": {
									"noOfReviews": 33,
									"overallRating": 3.5,
									"overallRatingRange": 5,
									"__typename": "ReviewStatsType"
								},
								"__typename": "ReviewsType"
							},
							"modelMetadata": null
						},
						"__typename": "CompositeResultType"
					},
					{
						"node": {
							"typename": "ProductType",
							"context": null,
							"__typename": "ProductType",
							"sellers": {
								"__typename": "ProductSellers",
								"results": [
									{
										"id": "321340348",
										"__typename": "ProductType",
										"isForSale": true,
										"status": "AvailableForSale",
										"seller": null,
										"price": {
											"price": 2.75,
											"unitPrice": 14.86,
											"unitOfMeasure": "kg",
											"actual": 2.75,
											"__typename": "PriceType"
										},
										"promotions": [],
										"fulfilment": null
									}
								]
							},
							"id": "321340348",
							"tpnb": "96876153",
							"tpnc": "321340348",
							"gtin": "05014442025694",
							"adId": null,
							"baseProductId": "96876153",
							"title": "Mexicana Original Spicy Cheddar Cheese 185g",
							"brandName": "MEXICANA",
							"shortDescription": null,
							"defaultImageUrl": "https://digitalcontent.api.tesco.com/v2/media/ghs/b257b6e1-f334-4358-8e0f-046c9395896b/57e60ac0-8eb8-4973-acba-18afb3aec8f0_180131348.jpeg?h=225&w=225",
							"superDepartmentId": "b;RnJlc2glMjBGb29k",
							"media": {
								"defaultImage": {
									"aspectRatio": null,
									"__typename": "ProductMediaDefaultImageType"
								},
								"__typename": "ProductMediaType"
							},
							"quantityInBasket": null,
							"superDepartmentName": "Fresh Food",
							"departmentId": "b;RnJlc2glMjBGb29kJTdDQ2hlZXNl",
							"departmentName": "Cheese",
							"aisleId": "b;RnJlc2glMjBGb29kJTdDQ2hlZXNlJTdDU3BlY2lhbHR5JTIwJiUyMENvbnRpbmVudGFsJTIwQ2hlZXNl",
							"aisleName": "Specialty & Continental Cheese",
							"shelfId": "b;RnJlc2glMjBGb29kJTdDQ2hlZXNlJTdDU3BlY2lhbHR5JTIwJiUyMENvbnRpbmVudGFsJTIwQ2hlZXNlJTdDU21va2VkJTIwQ2hlZXNlJTIwJiUyMEZsYXZvdXJlZCUyMENoZWVzZQ==",
							"shelfName": "Smoked Cheese & Flavoured Cheese",
							"displayType": "Quantity",
							"productType": "SingleProduct",
							"averageWeight": 0,
							"bulkBuyLimit": 99,
							"maxQuantityAllowed": 99,
							"groupBulkBuyLimit": 0,
							"bulkBuyLimitMessage": "Max allowed is 99.",
							"bulkBuyLimitGroupId": null,
							"timeRestrictedDelivery": null,
							"restrictedDelivery": null,
							"isInFavourites": null,
							"isNew": false,
							"isRestrictedOrderAmendment": null,
							"maxWeight": 0,
							"minWeight": 0,
							"increment": 0,
							"details": {
								"components": [
									{
										"isLowEverydayPricing": false,
										"__typename": "AdditionalInfo"
									}
								],
								"__typename": "ProductDetailsType"
							},
							"catchWeightList": null,
							"restrictions": [],
							"reviews": {
								"stats": {
									"noOfReviews": 1,
									"overallRating": 5,
									"overallRatingRange": 5,
									"__typename": "ReviewStatsType"
								},
								"__typename": "ReviewsType"
							},
							"modelMetadata": null
						},
						"__typename": "CompositeResultType"
					},
					{
						"node": {
							"typename": "ProductType",
							"context": null,
							"__typename": "ProductType",
							"sellers": {
								"__typename": "ProductSellers",
								"results": [
									{
										"id": "253780736",
										"__typename": "ProductType",
										"isForSale": true,
										"status": "AvailableForSale",
										"seller": null,
										"price": {
											"price": 2.45,
											"unitPrice": 20.42,
											"unitOfMeasure": "kg",
											"actual": 2.45,
											"__typename": "PriceType"
										},
										"promotions": [],
										"fulfilment": null
									}
								]
							},
							"id": "253780736",
							"tpnb": "51333945",
							"tpnc": "253780736",
							"gtin": "03073780828628",
							"adId": null,
							"baseProductId": "51333945",
							"title": "Mini Babybel Original Cheese 6 Pack, 120 G",
							"brandName": "BABYBEL",
							"shortDescription": null,
							"defaultImageUrl": "https://digitalcontent.api.tesco.com/v2/media/ghs/4599ec75-0e8d-4b6f-8638-4cd57bf76ab2/063ad239-4644-4369-a7ea-c77ce836cde4.jpeg?h=225&w=225",
							"superDepartmentId": "b;RnJlc2glMjBGb29k",
							"media": {
								"defaultImage": {
									"aspectRatio": null,
									"__typename": "ProductMediaDefaultImageType"
								},
								"__typename": "ProductMediaType"
							},
							"quantityInBasket": null,
							"superDepartmentName": "Fresh Food",
							"departmentId": "b;RnJlc2glMjBGb29kJTdDQ2hlZXNl",
							"departmentName": "Cheese",
							"aisleId": "b;RnJlc2glMjBGb29kJTdDQ2hlZXNlJTdDQ2hlZXNlJTIwU25hY2tpbmclMjAmJTIwTHVuY2hib3g=",
							"aisleName": "Cheese Snacking & Lunchbox",
							"shelfId": "b;RnJlc2glMjBGb29kJTdDQ2hlZXNlJTdDQ2hlZXNlJTIwU25hY2tpbmclMjAmJTIwTHVuY2hib3glN0NDaGVlc2UlMjBTbmFja2luZyUyMCYlMjBNaW5pcw==",
							"shelfName": "Cheese Snacking & Minis",
							"displayType": "Quantity",
							"productType": "SingleProduct",
							"averageWeight": 0,
							"bulkBuyLimit": 4,
							"maxQuantityAllowed": 4,
							"groupBulkBuyLimit": 4,
							"bulkBuyLimitMessage": "You are able to order a maximum of 4 for this group of products",
							"bulkBuyLimitGroupId": "G00002598",
							"timeRestrictedDelivery": null,
							"restrictedDelivery": null,
							"isInFavourites": null,
							"isNew": false,
							"isRestrictedOrderAmendment": null,
							"maxWeight": 0,
							"minWeight": 0,
							"increment": 0,
							"details": {
								"components": [
									{
										"isLowEverydayPricing": false,
										"__typename": "AdditionalInfo"
									}
								],
								"__typename": "ProductDetailsType"
							},
							"catchWeightList": null,
							"restrictions": [],
							"reviews": {
								"stats": {
									"noOfReviews": 2,
									"overallRating": 5,
									"overallRatingRange": 5,
									"__typename": "ReviewStatsType"
								},
								"__typename": "ReviewsType"
							},
							"modelMetadata": null
						},
						"__typename": "CompositeResultType"
					},
					{
						"node": {
							"typename": "ProductType",
							"context": null,
							"__typename": "ProductType",
							"sellers": {
								"__typename": "ProductSellers",
								"results": [
									{
										"id": "308849452",
										"__typename": "ProductType",
										"isForSale": true,
										"status": "AvailableForSale",
										"seller": null,
										"price": {
											"price": 3.3,
											"unitPrice": 13.42,
											"unitOfMeasure": "kg",
											"actual": 3.3,
											"__typename": "PriceType"
										},
										"promotions": [
											{
												"id": "94686361",
												"promotionType": null,
												"startDate": "2025-11-26T00:00:00Z",
												"endDate": "2025-12-17T00:00:00Z",
												"description": "\u00a32.50 Clubcard Price",
												"unitSellingInfo": "\u00a310.16/kg",
												"price": {
													"beforeDiscount": null,
													"afterDiscount": 3.3,
													"__typename": "PromotionPriceType"
												},
												"attributes": [
													"CLUBCARD_PRICING"
												],
												"__typename": "PromotionType"
											}
										],
										"fulfilment": null
									}
								]
							},
							"id": "308849452",
							"tpnb": "88903946",
							"tpnc": "308849452",
							"gtin": "07622201143671",
							"adId": null,
							"baseProductId": "88903946",
							"title": "Dairylea Dunkers Jumbo Tubes Cheese Snacks 6 pack 6x41G",
							"brandName": "dairylea",
							"shortDescription": null,
							"defaultImageUrl": "https://digitalcontent.api.tesco.com/v2/media/ghs/7cdb39db-fea3-4cfd-8530-fc6af37c6f8c/e4afc4d0-e895-44d5-91e6-2e98620b3b93_1233026869.jpeg?h=225&w=225",
							"superDepartmentId": "b;RnJlc2glMjBGb29k",
							"media": {
								"defaultImage": {
									"aspectRatio": null,
									"__typename": "ProductMediaDefaultImageType"
								},
								"__typename": "ProductMediaType"
							},
							"quantityInBasket": null,
							"superDepartmentName": "Fresh Food",
							"departmentId": "b;RnJlc2glMjBGb29kJTdDQ2hlZXNl",
							"departmentName": "Cheese",
							"aisleId": "b;RnJlc2glMjBGb29kJTdDQ2hlZXNlJTdDQ2hlZXNlJTIwU25hY2tpbmclMjAmJTIwTHVuY2hib3g=",
							"aisleName": "Cheese Snacking & Lunchbox",
							"shelfId": "b;RnJlc2glMjBGb29kJTdDQ2hlZXNlJTdDQ2hlZXNlJTIwU25hY2tpbmclMjAmJTIwTHVuY2hib3glN0NMdW5jaGJveCUyMENoZWVzZSUyMERpcHBlcnM=",
							"shelfName": "Lunchbox Cheese Dippers",
							"displayType": "Quantity",
							"productType": "SingleProduct",
							"averageWeight": 0,
							"bulkBuyLimit": 99,
							"maxQuantityAllowed": 99,
							"groupBulkBuyLimit": 0,
							"bulkBuyLimitMessage": "Max allowed is 99.",
							"bulkBuyLimitGroupId": null,
							"timeRestrictedDelivery": null,
							"restrictedDelivery": null,
							"isInFavourites": null,
							"isNew": false,
							"isRestrictedOrderAmendment": null,
							"maxWeight": 0,
							"minWeight": 0,
							"increment": 0,
							"details": {
								"components": [
									{
										"isLowEverydayPricing": false,
										"__typename": "AdditionalInfo"
									}
								],
								"__typename": "ProductDetailsType"
							},
							"catchWeightList": null,
							"restrictions": [],
							"reviews": {
								"stats": {
									"noOfReviews": 44,
									"overallRating": 4.5,
									"overallRatingRange": 5,
									"__typename": "ReviewStatsType"
								},
								"__typename": "ReviewsType"
							},
							"modelMetadata": null
						},
						"__typename": "CompositeResultType"
					},
					{
						"node": {
							"typename": "ProductType",
							"context": null,
							"__typename": "ProductType",
							"sellers": {
								"__typename": "ProductSellers",
								"results": [
									{
										"id": "313626714",
										"__typename": "ProductType",
										"isForSale": true,
										"status": "AvailableForSale",
										"seller": null,
										"price": {
											"price": 3.55,
											"unitPrice": 11.83,
											"unitOfMeasure": "kg",
											"actual": 3.55,
											"__typename": "PriceType"
										},
										"promotions": [
											{
												"id": "93917949",
												"promotionType": null,
												"startDate": "2025-11-05T00:00:00Z",
												"endDate": "2025-12-17T00:00:00Z",
												"description": "\u00a33.00 Clubcard Price",
												"unitSellingInfo": "\u00a310.00/kg",
												"price": {
													"beforeDiscount": null,
													"afterDiscount": 3.55,
													"__typename": "PromotionPriceType"
												},
												"attributes": [
													"CLUBCARD_PRICING"
												],
												"__typename": "PromotionType"
											}
										],
										"fulfilment": null
									}
								]
							},
							"id": "313626714",
							"tpnb": "91267191",
							"tpnc": "313626714",
							"gtin": "05000246728657",
							"adId": null,
							"baseProductId": "91267191",
							"title": "Castello Tickler Extra Mature Cheddar Cheese 300g",
							"brandName": "CASTELLO",
							"shortDescription": null,
							"defaultImageUrl": "https://digitalcontent.api.tesco.com/v2/media/ghs/a076cea7-3c73-4950-af4f-6a2b85fc579f/5cc8de41-8972-463a-8236-948720741cb5_319644333.jpeg?h=225&w=225",
							"superDepartmentId": "b;RnJlc2glMjBGb29k",
							"media": {
								"defaultImage": {
									"aspectRatio": null,
									"__typename": "ProductMediaDefaultImageType"
								},
								"__typename": "ProductMediaType"
							},
							"quantityInBasket": null,
							"superDepartmentName": "Fresh Food",
							"departmentId": "b;RnJlc2glMjBGb29kJTdDQ2hlZXNl",
							"departmentName": "Cheese",
							"aisleId": "b;RnJlc2glMjBGb29kJTdDQ2hlZXNlJTdDQ2hlZGRhciUyMENoZWVzZQ==",
							"aisleName": "Cheddar Cheese",
							"shelfId": "b;RnJlc2glMjBGb29kJTdDQ2hlZXNlJTdDQ2hlZGRhciUyMENoZWVzZSU3Q0V4dHJhJTIwTWF0dXJlJTIwJiUyMFZpbnRhZ2UlMjBDaGVkZGFyJTIwQ2hlZXNl",
							"shelfName": "Extra Mature & Vintage Cheddar Cheese",
							"displayType": "Quantity",
							"productType": "SingleProduct",
							"averageWeight": 0,
							"bulkBuyLimit": 25,
							"maxQuantityAllowed": 25,
							"groupBulkBuyLimit": 0,
							"bulkBuyLimitMessage": "You are able to buy a maximum of 25 of this item",
							"bulkBuyLimitGroupId": "G00000141",
							"timeRestrictedDelivery": null,
							"restrictedDelivery": null,
							"isInFavourites": null,
							"isNew": false,
							"isRestrictedOrderAmendment": null,
							"maxWeight": 0,
							"minWeight": 0,
							"increment": 0,
							"details": {
								"components": [
									{
										"isLowEverydayPricing": false,
										"__typename": "AdditionalInfo"
									}
								],
								"__typename": "ProductDetailsType"
							},
							"catchWeightList": null,
							"restrictions": [],
							"reviews": {
								"stats": {
									"noOfReviews": 62,
									"overallRating": 4.5,
									"overallRatingRange": 5,
									"__typename": "ReviewStatsType"
								},
								"__typename": "ReviewsType"
							},
							"modelMetadata": null
						},
						"__typename": "CompositeResultType"
					},
					{
						"node": {
							"typename": "ProductType",
							"context": null,
							"__typename": "ProductType",
							"sellers": {
								"__typename": "ProductSellers",
								"results": [
									{
										"id": "273196994",
										"__typename": "ProductType",
										"isForSale": true,
										"status": "AvailableForSale",
										"seller": null,
										"price": {
											"price": 2.45,
											"unitPrice": 15.31,
											"unitOfMeasure": "kg",
											"actual": 2.45,
											"__typename": "PriceType"
										},
										"promotions": [],
										"fulfilment": null
									}
								]
							},
							"id": "273196994",
							"tpnb": "52828606",
							"tpnc": "273196994",
							"gtin": "05000187130946",
							"adId": null,
							"baseProductId": "52828606",
							"title": "Cheestrings Original 8Pk Cheese Snacks 160G",
							"brandName": "CHEESTRINGS",
							"shortDescription": null,
							"defaultImageUrl": "https://digitalcontent.api.tesco.com/v2/media/ghs/118b043c-9b0b-4ddc-af5b-459237377ee7/b1c69444-4e85-41a0-9af3-21f8788fedc8.jpeg?h=225&w=225",
							"superDepartmentId": "b;RnJlc2glMjBGb29k",
							"media": {
								"defaultImage": {
									"aspectRatio": null,
									"__typename": "ProductMediaDefaultImageType"
								},
								"__typename": "ProductMediaType"
							},
							"quantityInBasket": null,
							"superDepartmentName": "Fresh Food",
							"departmentId": "b;RnJlc2glMjBGb29kJTdDQ2hlZXNl",
							"departmentName": "Cheese",
							"aisleId": "b;RnJlc2glMjBGb29kJTdDQ2hlZXNlJTdDQ2hlZXNlJTIwU25hY2tpbmclMjAmJTIwTHVuY2hib3g=",
							"aisleName": "Cheese Snacking & Lunchbox",
							"shelfId": "b;RnJlc2glMjBGb29kJTdDQ2hlZXNlJTdDQ2hlZXNlJTIwU25hY2tpbmclMjAmJTIwTHVuY2hib3glN0NDaGVlc2UlMjBTbmFja2luZyUyMCYlMjBNaW5pcw==",
							"shelfName": "Cheese Snacking & Minis",
							"displayType": "Quantity",
							"productType": "SingleProduct",
							"averageWeight": 0,
							"bulkBuyLimit": 25,
							"maxQuantityAllowed": 25,
							"groupBulkBuyLimit": 0,
							"bulkBuyLimitMessage": "You are able to buy a maximum of 25 of this item",
							"bulkBuyLimitGroupId": "G00000216",
							"timeRestrictedDelivery": null,
							"restrictedDelivery": null,
							"isInFavourites": null,
							"isNew": false,
							"isRestrictedOrderAmendment": null,
							"maxWeight": 0,
							"minWeight": 0,
							"increment": 0,
							"details": {
								"components": [
									{
										"isLowEverydayPricing": false,
										"__typename": "AdditionalInfo"
									},
									{
										"competitors": [
											{
												"id": "ALDI",
												"priceMatch": {
													"isMatching": true,
													"__typename": "PriceMatch"
												},
												"__typename": "Competitor"
											}
										],
										"__typename": "CompetitorsInfo"
									}
								],
								"__typename": "ProductDetailsType"
							},
							"catchWeightList": null,
							"restrictions": [],
							"reviews": {
								"stats": {
									"noOfReviews": 54,
									"overallRating": 3.8,
									"overallRatingRange": 5,
									"__typename": "ReviewStatsType"
								},
								"__typename": "ReviewsType"
							},
							"modelMetadata": null
						},
						"__typename": "CompositeResultType"
					},
					{
						"node": {
							"typename": "ProductType",
							"context": null,
							"__typename": "ProductType",
							"sellers": {
								"__typename": "ProductSellers",
								"results": [
									{
										"id": "320662372",
										"__typename": "ProductType",
										"isForSale": true,
										"status": "AvailableForSale",
										"seller": null,
										"price": {
											"price": 1.6,
											"unitPrice": 24.62,
											"unitOfMeasure": "kg",
											"actual": 1.6,
											"__typename": "PriceType"
										},
										"promotions": [],
										"fulfilment": null
									}
								]
							},
							"id": "320662372",
							"tpnb": "96399280",
							"tpnc": "320662372",
							"gtin": "07622202261602",
							"adId": null,
							"baseProductId": "96399280",
							"title": "Dairylea Lunchers Ham n Cheese 65g",
							"brandName": "dairylea",
							"shortDescription": null,
							"defaultImageUrl": "https://digitalcontent.api.tesco.com/v2/media/ghs/ad87a597-da24-41bc-8903-9416e330c4a4/522d45a4-f370-471a-b728-e1cbe38b62e1_1914910324.jpeg?h=225&w=225",
							"superDepartmentId": "b;RnJlc2glMjBGb29k",
							"media": {
								"defaultImage": {
									"aspectRatio": null,
									"__typename": "ProductMediaDefaultImageType"
								},
								"__typename": "ProductMediaType"
							},
							"quantityInBasket": null,
							"superDepartmentName": "Fresh Food",
							"departmentId": "b;RnJlc2glMjBGb29kJTdDQ2hlZXNl",
							"departmentName": "Cheese",
							"aisleId": "b;RnJlc2glMjBGb29kJTdDQ2hlZXNlJTdDQ2hlZXNlJTIwU25hY2tpbmclMjAmJTIwTHVuY2hib3g=",
							"aisleName": "Cheese Snacking & Lunchbox",
							"shelfId": "b;RnJlc2glMjBGb29kJTdDQ2hlZXNlJTdDQ2hlZXNlJTIwU25hY2tpbmclMjAmJTIwTHVuY2hib3glN0NDaGVlc2UlMjBTbmFja2luZyUyMCYlMjBNaW5pcw==",
							"shelfName": "Cheese Snacking & Minis",
							"displayType": "Quantity",
							"productType": "SingleProduct",
							"averageWeight": 0,
							"bulkBuyLimit": 25,
							"maxQuantityAllowed": 25,
							"groupBulkBuyLimit": 0,
							"bulkBuyLimitMessage": "You are able to buy a maximum of 25 of this item",
							"bulkBuyLimitGroupId": "G00004933",
							"timeRestrictedDelivery": null,
							"restrictedDelivery": null,
							"isInFavourites": null,
							"isNew": false,
							"isRestrictedOrderAmendment": null,
							"maxWeight": 0,
							"minWeight": 0,
							"increment": 0,
							"details": {
								"components": [
									{
										"isLowEverydayPricing": false,
										"__typename": "AdditionalInfo"
									}
								],
								"__typename": "ProductDetailsType"
							},
							"catchWeightList": null,
							"restrictions": [],
							"reviews": {
								"stats": {
									"noOfReviews": 3,
									"overallRating": 5,
									"overallRatingRange": 5,
									"__typename": "ReviewStatsType"
								},
								"__typename": "ReviewsType"
							},
							"modelMetadata": null
						},
						"__typename": "CompositeResultType"
					},
					{
						"node": {
							"typename": "ProductType",
							"context": null,
							"__typename": "ProductType",
							"sellers": {
								"__typename": "ProductSellers",
								"results": [
									{
										"id": "294173984",
										"__typename": "ProductType",
										"isForSale": true,
										"status": "AvailableForSale",
										"seller": null,
										"price": {
											"price": 4,
											"unitPrice": 11.43,
											"unitOfMeasure": "kg",
											"actual": 4,
											"__typename": "PriceType"
										},
										"promotions": [
											{
												"id": "95740164",
												"promotionType": null,
												"startDate": "2025-11-26T00:00:00Z",
												"endDate": "2026-01-07T00:00:00Z",
												"description": "Any 2 for \u00a36 Clubcard Price - Selected Tesco Finest* English Cheddar 300g Or 350g",
												"unitSellingInfo": null,
												"price": null,
												"attributes": [
													"CLUBCARD_PRICING"
												],
												"__typename": "PromotionType"
											}
										],
										"fulfilment": null
									}
								]
							},
							"id": "294173984",
							"tpnb": "81953612",
							"tpnc": "294173984",
							"gtin": "05057008616790",
							"adId": null,
							"baseProductId": "81953612",
							"title": "Tesco Finest Extra Mature English Cheddar Cheese 350G",
							"brandName": "TESCO finest",
							"shortDescription": null,
							"defaultImageUrl": "https://digitalcontent.api.tesco.com/v2/media/ghs/d91b7d86-2dfd-46ae-8a1e-b58b34f74960/18ff60ef-7454-427b-a216-1f6514418d96_575502901.jpeg?h=225&w=225",
							"superDepartmentId": "b;RnJlc2glMjBGb29k",
							"media": {
								"defaultImage": {
									"aspectRatio": null,
									"__typename": "ProductMediaDefaultImageType"
								},
								"__typename": "ProductMediaType"
							},
							"quantityInBasket": null,
							"superDepartmentName": "Fresh Food",
							"departmentId": "b;RnJlc2glMjBGb29kJTdDQ2hlZXNl",
							"departmentName": "Cheese",
							"aisleId": "b;RnJlc2glMjBGb29kJTdDQ2hlZXNlJTdDQ2hlZGRhciUyMENoZWVzZQ==",
							"aisleName": "Cheddar Cheese",
							"shelfId": "b;RnJlc2glMjBGb29kJTdDQ2hlZXNlJTdDQ2hlZGRhciUyMENoZWVzZSU3Q0V4dHJhJTIwTWF0dXJlJTIwJiUyMFZpbnRhZ2UlMjBDaGVkZGFyJTIwQ2hlZXNl",
							"shelfName": "Extra Mature & Vintage Cheddar Cheese",
							"displayType": "Quantity",
							"productType": "SingleProduct",
							"averageWeight": 0,
							"bulkBuyLimit": 25,
							"maxQuantityAllowed": 25,
							"groupBulkBuyLimit": 0,
							"bulkBuyLimitMessage": "You are able to buy a maximum of 25 of this item",
							"bulkBuyLimitGroupId": "G00000053",
							"timeRestrictedDelivery": null,
							"restrictedDelivery": null,
							"isInFavourites": null,
							"isNew": false,
							"isRestrictedOrderAmendment": null,
							"maxWeight": 0,
							"minWeight": 0,
							"increment": 0,
							"details": {
								"components": [
									{
										"isLowEverydayPricing": false,
										"__typename": "AdditionalInfo"
									}
								],
								"__typename": "ProductDetailsType"
							},
							"catchWeightList": null,
							"restrictions": [
								{
									"type": "RdgDateRange",
									"isViolated": false,
									"message": "Online only offer - Any 2 for 6 on Selected Tesco Finest* Cheddar. Clubcard Price. Offer valid between 26/11 and 06/01, Subject to availability.",
									"__typename": "ProductRestrictionType"
								}
							],
							"reviews": {
								"stats": {
									"noOfReviews": 68,
									"overallRating": 4.2,
									"overallRatingRange": 5,
									"__typename": "ReviewStatsType"
								},
								"__typename": "ReviewsType"
							},
							"modelMetadata": null
						},
						"__typename": "CompositeResultType"
					},
					{
						"node": {
							"typename": "ProductType",
							"context": null,
							"__typename": "ProductType",
							"sellers": {
								"__typename": "ProductSellers",
								"results": [
									{
										"id": "302676567",
										"__typename": "ProductType",
										"isForSale": true,
										"status": "AvailableForSale",
										"seller": null,
										"price": {
											"price": 2.79,
											"unitPrice": 6.98,
											"unitOfMeasure": "kg",
											"actual": 2.79,
											"__typename": "PriceType"
										},
										"promotions": [],
										"fulfilment": null
									}
								]
							},
							"id": "302676567",
							"tpnb": "86173487",
							"tpnc": "302676567",
							"gtin": "05057967013821",
							"adId": null,
							"baseProductId": "86173487",
							"title": "Creamfields Mild White Cheddar 400G",
							"brandName": "CREAMFIELDS",
							"shortDescription": null,
							"defaultImageUrl": "https://digitalcontent.api.tesco.com/v2/media/ghs/f68c1b9a-4c04-421b-804e-cf9068341c07/2408603e-77f2-4ebd-b45d-60ad068261af_31141411.jpeg?h=225&w=225",
							"superDepartmentId": "b;RnJlc2glMjBGb29k",
							"media": {
								"defaultImage": {
									"aspectRatio": null,
									"__typename": "ProductMediaDefaultImageType"
								},
								"__typename": "ProductMediaType"
							},
							"quantityInBasket": null,
							"superDepartmentName": "Fresh Food",
							"departmentId": "b;RnJlc2glMjBGb29kJTdDQ2hlZXNl",
							"departmentName": "Cheese",
							"aisleId": "b;RnJlc2glMjBGb29kJTdDQ2hlZXNlJTdDQ2hlZGRhciUyMENoZWVzZQ==",
							"aisleName": "Cheddar Cheese",
							"shelfId": "b;RnJlc2glMjBGb29kJTdDQ2hlZXNlJTdDQ2hlZGRhciUyMENoZWVzZSU3Q01pbGQlMjBDaGVkZGFyJTIwQ2hlZXNl",
							"shelfName": "Mild Cheddar Cheese",
							"displayType": "Quantity",
							"productType": "SingleProduct",
							"averageWeight": 0,
							"bulkBuyLimit": 25,
							"maxQuantityAllowed": 25,
							"groupBulkBuyLimit": 0,
							"bulkBuyLimitMessage": "You are able to buy a maximum of 25 of this item",
							"bulkBuyLimitGroupId": "G00000216",
							"timeRestrictedDelivery": null,
							"restrictedDelivery": null,
							"isInFavourites": null,
							"isNew": false,
							"isRestrictedOrderAmendment": null,
							"maxWeight": 0,
							"minWeight": 0,
							"increment": 0,
							"details": {
								"components": [
									{
										"isLowEverydayPricing": false,
										"__typename": "AdditionalInfo"
									},
									{
										"competitors": [
											{
												"id": "ALDI",
												"priceMatch": {
													"isMatching": true,
													"__typename": "PriceMatch"
												},
												"__typename": "Competitor"
											}
										],
										"__typename": "CompetitorsInfo"
									}
								],
								"__typename": "ProductDetailsType"
							},
							"catchWeightList": null,
							"restrictions": [],
							"reviews": {
								"stats": {
									"noOfReviews": 77,
									"overallRating": 4.2,
									"overallRatingRange": 5,
									"__typename": "ReviewStatsType"
								},
								"__typename": "ReviewsType"
							},
							"modelMetadata": null
						},
						"__typename": "CompositeResultType"
					},
					{
						"node": {
							"typename": "ProductType",
							"context": null,
							"__typename": "ProductType",
							"sellers": {
								"__typename": "ProductSellers",
								"results": [
									{
										"id": "267308648",
										"__typename": "ProductType",
										"isForSale": true,
										"status": "AvailableForSale",
										"seller": null,
										"price": {
											"price": 3.39,
											"unitPrice": 9.69,
											"unitOfMeasure": "kg",
											"actual": 3.39,
											"__typename": "PriceType"
										},
										"promotions": [],
										"fulfilment": null
									}
								]
							},
							"id": "267308648",
							"tpnb": "60466970",
							"tpnc": "267308648",
							"gtin": "05000295141612",
							"adId": null,
							"baseProductId": "60466970",
							"title": "Cathedral City Lighter Mature Cheddar Cheese 350 G",
							"brandName": "CATHEDRAL CITY",
							"shortDescription": null,
							"defaultImageUrl": "https://digitalcontent.api.tesco.com/v2/media/ghs/4d9b0a27-aab1-4347-8a8d-48d23bd4a008/48641f07-ebd8-4c41-98b1-4d53e9faf219.jpeg?h=225&w=225",
							"superDepartmentId": "b;RnJlc2glMjBGb29k",
							"media": {
								"defaultImage": {
									"aspectRatio": null,
									"__typename": "ProductMediaDefaultImageType"
								},
								"__typename": "ProductMediaType"
							},
							"quantityInBasket": null,
							"superDepartmentName": "Fresh Food",
							"departmentId": "b;RnJlc2glMjBGb29kJTdDQ2hlZXNl",
							"departmentName": "Cheese",
							"aisleId": "b;RnJlc2glMjBGb29kJTdDQ2hlZXNlJTdDQ2hlZGRhciUyMENoZWVzZQ==",
							"aisleName": "Cheddar Cheese",
							"shelfId": "b;RnJlc2glMjBGb29kJTdDQ2hlZXNlJTdDQ2hlZGRhciUyMENoZWVzZSU3Q01hdHVyZSUyMENoZWRkYXIlMjBDaGVlc2U=",
							"shelfName": "Mature Cheddar Cheese",
							"displayType": "Quantity",
							"productType": "SingleProduct",
							"averageWeight": 0,
							"bulkBuyLimit": 25,
							"maxQuantityAllowed": 25,
							"groupBulkBuyLimit": 0,
							"bulkBuyLimitMessage": "You are able to buy a maximum of 25 of this item",
							"bulkBuyLimitGroupId": "G00000053",
							"timeRestrictedDelivery": null,
							"restrictedDelivery": null,
							"isInFavourites": null,
							"isNew": false,
							"isRestrictedOrderAmendment": null,
							"maxWeight": 0,
							"minWeight": 0,
							"increment": 0,
							"details": {
								"components": [
									{
										"isLowEverydayPricing": false,
										"__typename": "AdditionalInfo"
									}
								],
								"__typename": "ProductDetailsType"
							},
							"catchWeightList": null,
							"restrictions": [],
							"reviews": {
								"stats": {
									"noOfReviews": 15,
									"overallRating": 4.3,
									"overallRatingRange": 5,
									"__typename": "ReviewStatsType"
								},
								"__typename": "ReviewsType"
							},
							"modelMetadata": null
						},
						"__typename": "CompositeResultType"
					},
					{
						"node": {
							"typename": "ProductType",
							"context": null,
							"__typename": "ProductType",
							"sellers": {
								"__typename": "ProductSellers",
								"results": [
									{
										"id": "299982577",
										"__typename": "ProductType",
										"isForSale": true,
										"status": "AvailableForSale",
										"seller": null,
										"price": {
											"price": 0.95,
											"unitPrice": 4.75,
											"unitOfMeasure": "kg",
											"actual": 0.95,
											"__typename": "PriceType"
										},
										"promotions": [],
										"fulfilment": null
									}
								]
							},
							"id": "299982577",
							"tpnb": "84820762",
							"tpnc": "299982577",
							"gtin": "05057545878798",
							"adId": null,
							"baseProductId": "84820762",
							"title": "Creamfields Soft Cheese 200G",
							"brandName": "CREAMFIELDS",
							"shortDescription": null,
							"defaultImageUrl": "https://digitalcontent.api.tesco.com/v2/media/ghs/bfec6471-5b81-41a2-9f02-890b676ca4ab/93a77498-b65a-425b-bc18-7414016f9ae9_553351584.jpeg?h=225&w=225",
							"superDepartmentId": "b;RnJlc2glMjBGb29k",
							"media": {
								"defaultImage": {
									"aspectRatio": null,
									"__typename": "ProductMediaDefaultImageType"
								},
								"__typename": "ProductMediaType"
							},
							"quantityInBasket": null,
							"superDepartmentName": "Fresh Food",
							"departmentId": "b;RnJlc2glMjBGb29kJTdDQ2hlZXNl",
							"departmentName": "Cheese",
							"aisleId": "b;RnJlc2glMjBGb29kJTdDQ2hlZXNlJTdDU29mdCUyMCYlMjBTcHJlYWRhYmxlJTIwQ2hlZXNl",
							"aisleName": "Soft & Spreadable Cheese",
							"shelfId": "b;RnJlc2glMjBGb29kJTdDQ2hlZXNlJTdDU29mdCUyMCYlMjBTcHJlYWRhYmxlJTIwQ2hlZXNlJTdDU29mdCUyMENoZWVzZSUyMCYlMjBDcmVhbSUyMENoZWVzZQ==",
							"shelfName": "Soft Cheese & Cream Cheese",
							"displayType": "Quantity",
							"productType": "SingleProduct",
							"averageWeight": 0,
							"bulkBuyLimit": 16,
							"maxQuantityAllowed": 16,
							"groupBulkBuyLimit": 0,
							"bulkBuyLimitMessage": "You are able to buy a maximum of 16 of this item",
							"bulkBuyLimitGroupId": "G00000241",
							"timeRestrictedDelivery": null,
							"restrictedDelivery": null,
							"isInFavourites": null,
							"isNew": false,
							"isRestrictedOrderAmendment": null,
							"maxWeight": 0,
							"minWeight": 0,
							"increment": 0,
							"details": {
								"components": [
									{
										"isLowEverydayPricing": false,
										"__typename": "AdditionalInfo"
									}
								],
								"__typename": "ProductDetailsType"
							},
							"catchWeightList": null,
							"restrictions": [],
							"reviews": {
								"stats": {
									"noOfReviews": 80,
									"overallRating": 3.9,
									"overallRatingRange": 5,
									"__typename": "ReviewStatsType"
								},
								"__typename": "ReviewsType"
							},
							"modelMetadata": null
						},
						"__typename": "CompositeResultType"
					},
					{
						"node": {
							"typename": "ProductType",
							"context": null,
							"__typename": "ProductType",
							"sellers": {
								"__typename": "ProductSellers",
								"results": [
									{
										"id": "315852189",
										"__typename": "ProductType",
										"isForSale": true,
										"status": "AvailableForSale",
										"seller": null,
										"price": {
											"price": 3.1,
											"unitPrice": 10.33,
											"unitOfMeasure": "kg",
											"actual": 3.1,
											"__typename": "PriceType"
										},
										"promotions": [],
										"fulfilment": null
									}
								]
							},
							"id": "315852189",
							"tpnb": "92870396",
							"tpnc": "315852189",
							"gtin": "05059697756955",
							"adId": null,
							"baseProductId": "92870396",
							"title": "Tesco Edam Cheese 300g",
							"brandName": "TESCO",
							"shortDescription": null,
							"defaultImageUrl": "https://digitalcontent.api.tesco.com/v2/media/ghs/c1447c7f-9fc8-4f3d-81e7-fa08d55ba76e/a8a8b821-f8f7-4d52-9e60-0d7d2105d386_1073723553.jpeg?h=225&w=225",
							"superDepartmentId": "b;RnJlc2glMjBGb29k",
							"media": {
								"defaultImage": {
									"aspectRatio": null,
									"__typename": "ProductMediaDefaultImageType"
								},
								"__typename": "ProductMediaType"
							},
							"quantityInBasket": null,
							"superDepartmentName": "Fresh Food",
							"departmentId": "b;RnJlc2glMjBGb29kJTdDQ2hlZXNl",
							"departmentName": "Cheese",
							"aisleId": "b;RnJlc2glMjBGb29kJTdDQ2hlZXNlJTdDU3BlY2lhbHR5JTIwJiUyMENvbnRpbmVudGFsJTIwQ2hlZXNl",
							"aisleName": "Specialty & Continental Cheese",
							"shelfId": "b;RnJlc2glMjBGb29kJTdDQ2hlZXNlJTdDU3BlY2lhbHR5JTIwJiUyMENvbnRpbmVudGFsJTIwQ2hlZXNlJTdDU21va2VkJTIwQ2hlZXNlJTIwJiUyMEZsYXZvdXJlZCUyMENoZWVzZQ==",
							"shelfName": "Smoked Cheese & Flavoured Cheese",
							"displayType": "Quantity",
							"productType": "SingleProduct",
							"averageWeight": 0,
							"bulkBuyLimit": 99,
							"maxQuantityAllowed": 99,
							"groupBulkBuyLimit": 0,
							"bulkBuyLimitMessage": "Max allowed is 99.",
							"bulkBuyLimitGroupId": null,
							"timeRestrictedDelivery": null,
							"restrictedDelivery": null,
							"isInFavourites": null,
							"isNew": false,
							"isRestrictedOrderAmendment": null,
							"maxWeight": 0,
							"minWeight": 0,
							"increment": 0,
							"details": {
								"components": [
									{
										"isLowEverydayPricing": false,
										"__typename": "AdditionalInfo"
									}
								],
								"__typename": "ProductDetailsType"
							},
							"catchWeightList": null,
							"restrictions": [],
							"reviews": {
								"stats": {
									"noOfReviews": 32,
									"overallRating": 4.7,
									"overallRatingRange": 5,
									"__typename": "ReviewStatsType"
								},
								"__typename": "ReviewsType"
							},
							"modelMetadata": null
						},
						"__typename": "CompositeResultType"
					},
					{
						"node": {
							"typename": "ProductType",
							"context": null,
							"__typename": "ProductType",
							"sellers": {
								"__typename": "ProductSellers",
								"results": [
									{
										"id": "310681024",
										"__typename": "ProductType",
										"isForSale": true,
										"status": "AvailableForSale",
										"seller": null,
										"price": {
											"price": 2.99,
											"unitPrice": 5.98,
											"unitOfMeasure": "kg",
											"actual": 2.99,
											"__typename": "PriceType"
										},
										"promotions": [],
										"fulfilment": null
									}
								]
							},
							"id": "310681024",
							"tpnb": "89961425",
							"tpnc": "310681024",
							"gtin": "05059697394188",
							"adId": null,
							"baseProductId": "89961425",
							"title": "Creamfields Grated Cheddar 500G",
							"brandName": "CREAMFIELDS",
							"shortDescription": null,
							"defaultImageUrl": "https://digitalcontent.api.tesco.com/v2/media/ghs/599d0c31-c4a0-4667-a7ab-dc34fe3732f3/97a7f149-5bec-4829-873a-7ec53b91c2f5_820371708.jpeg?h=225&w=225",
							"superDepartmentId": "b;RnJlc2glMjBGb29k",
							"media": {
								"defaultImage": {
									"aspectRatio": null,
									"__typename": "ProductMediaDefaultImageType"
								},
								"__typename": "ProductMediaType"
							},
							"quantityInBasket": null,
							"superDepartmentName": "Fresh Food",
							"departmentId": "b;RnJlc2glMjBGb29kJTdDQ2hlZXNl",
							"departmentName": "Cheese",
							"aisleId": "b;RnJlc2glMjBGb29kJTdDQ2hlZXNlJTdDR3JhdGVkJTIwJiUyMFNsaWNlZCUyMENoZWVzZQ==",
							"aisleName": "Grated & Sliced Cheese",
							"shelfId": "b;RnJlc2glMjBGb29kJTdDQ2hlZXNlJTdDR3JhdGVkJTIwJiUyMFNsaWNlZCUyMENoZWVzZSU3Q0dyYXRlZCUyMENoZWVzZQ==",
							"shelfName": "Grated Cheese",
							"displayType": "Quantity",
							"productType": "SingleProduct",
							"averageWeight": 0,
							"bulkBuyLimit": 99,
							"maxQuantityAllowed": 99,
							"groupBulkBuyLimit": 0,
							"bulkBuyLimitMessage": "Max allowed is 99.",
							"bulkBuyLimitGroupId": null,
							"timeRestrictedDelivery": null,
							"restrictedDelivery": null,
							"isInFavourites": null,
							"isNew": false,
							"isRestrictedOrderAmendment": null,
							"maxWeight": 0,
							"minWeight": 0,
							"increment": 0,
							"details": {
								"components": [
									{
										"isLowEverydayPricing": false,
										"__typename": "AdditionalInfo"
									},
									{
										"competitors": [
											{
												"id": "ALDI",
												"priceMatch": {
													"isMatching": true,
													"__typename": "PriceMatch"
												},
												"__typename": "Competitor"
											}
										],
										"__typename": "CompetitorsInfo"
									}
								],
								"__typename": "ProductDetailsType"
							},
							"catchWeightList": null,
							"restrictions": [],
							"reviews": {
								"stats": {
									"noOfReviews": 86,
									"overallRating": 4,
									"overallRatingRange": 5,
									"__typename": "ReviewStatsType"
								},
								"__typename": "ReviewsType"
							},
							"modelMetadata": null
						},
						"__typename": "CompositeResultType"
					},
					{
						"node": {
							"typename": "ProductType",
							"context": null,
							"__typename": "ProductType",
							"sellers": {
								"__typename": "ProductSellers",
								"results": [
									{
										"id": "299770223",
										"__typename": "ProductType",
										"isForSale": true,
										"status": "AvailableForSale",
										"seller": null,
										"price": {
											"price": 3.4,
											"unitPrice": 17,
											"unitOfMeasure": "kg",
											"actual": 3.4,
											"__typename": "PriceType"
										},
										"promotions": [],
										"fulfilment": null
									}
								]
							},
							"id": "299770223",
							"tpnb": "84722812",
							"tpnc": "299770223",
							"gtin": "05057545755655",
							"adId": null,
							"baseProductId": "84722812",
							"title": "Tesco Finest Wensleydale Cheese Cranberries & Blueberry 200G",
							"brandName": "TESCO finest",
							"shortDescription": null,
							"defaultImageUrl": "https://digitalcontent.api.tesco.com/v2/media/ghs/6fd2e0d1-3c53-47c5-8d2d-e7a4d7bb238c/25a401e2-16f7-4187-ac86-d47e86d4ac16.jpeg?h=225&w=225",
							"superDepartmentId": "b;RnJlc2glMjBGb29k",
							"media": {
								"defaultImage": {
									"aspectRatio": null,
									"__typename": "ProductMediaDefaultImageType"
								},
								"__typename": "ProductMediaType"
							},
							"quantityInBasket": null,
							"superDepartmentName": "Fresh Food",
							"departmentId": "b;RnJlc2glMjBGb29kJTdDQ2hlZXNl",
							"departmentName": "Cheese",
							"aisleId": "b;RnJlc2glMjBGb29kJTdDQ2hlZXNlJTdDUmVnaW9uYWwlMjBDaGVlc2U=",
							"aisleName": "Regional Cheese",
							"shelfId": "b;RnJlc2glMjBGb29kJTdDQ2hlZXNlJTdDUmVnaW9uYWwlMjBDaGVlc2UlN0MlMjBXZW5zbGV5ZGFsZSUyMENoZWVzZQ==",
							"shelfName": " Wensleydale Cheese",
							"displayType": "Quantity",
							"productType": "SingleProduct",
							"averageWeight": 0,
							"bulkBuyLimit": 25,
							"maxQuantityAllowed": 25,
							"groupBulkBuyLimit": 0,
							"bulkBuyLimitMessage": "You are able to buy a maximum of 25 of this item",
							"bulkBuyLimitGroupId": "G00000216",
							"timeRestrictedDelivery": null,
							"restrictedDelivery": null,
							"isInFavourites": null,
							"isNew": false,
							"isRestrictedOrderAmendment": null,
							"maxWeight": 0,
							"minWeight": 0,
							"increment": 0,
							"details": {
								"components": [
									{
										"isLowEverydayPricing": false,
										"__typename": "AdditionalInfo"
									}
								],
								"__typename": "ProductDetailsType"
							},
							"catchWeightList": null,
							"restrictions": [],
							"reviews": {
								"stats": {
									"noOfReviews": 43,
									"overallRating": 4.7,
									"overallRatingRange": 5,
									"__typename": "ReviewStatsType"
								},
								"__typename": "ReviewsType"
							},
							"modelMetadata": null
						},
						"__typename": "CompositeResultType"
					},
					{
						"node": {
							"typename": "ProductType",
							"context": null,
							"__typename": "ProductType",
							"sellers": {
								"__typename": "ProductSellers",
								"results": [
									{
										"id": "264014086",
										"__typename": "ProductType",
										"isForSale": true,
										"status": "AvailableForSale",
										"seller": null,
										"price": {
											"price": 2.75,
											"unitPrice": 14.86,
											"unitOfMeasure": "kg",
											"actual": 2.75,
											"__typename": "PriceType"
										},
										"promotions": [],
										"fulfilment": null
									}
								]
							},
							"id": "264014086",
							"tpnb": "62726061",
							"tpnc": "264014086",
							"gtin": "05014442795085",
							"adId": null,
							"baseProductId": "62726061",
							"title": "Applewood Smoked Cheddar Cheese 185g",
							"brandName": "ILCHESTER",
							"shortDescription": null,
							"defaultImageUrl": "https://digitalcontent.api.tesco.com/v2/media/ghs/12d28207-eb10-4a03-b1dc-9902addfa52a/eae288f3-2171-4f05-a857-41901bdff8b2.jpeg?h=225&w=225",
							"superDepartmentId": "b;RnJlc2glMjBGb29k",
							"media": {
								"defaultImage": {
									"aspectRatio": null,
									"__typename": "ProductMediaDefaultImageType"
								},
								"__typename": "ProductMediaType"
							},
							"quantityInBasket": null,
							"superDepartmentName": "Fresh Food",
							"departmentId": "b;RnJlc2glMjBGb29kJTdDQ2hlZXNl",
							"departmentName": "Cheese",
							"aisleId": "b;RnJlc2glMjBGb29kJTdDQ2hlZXNlJTdDU3BlY2lhbHR5JTIwJiUyMENvbnRpbmVudGFsJTIwQ2hlZXNl",
							"aisleName": "Specialty & Continental Cheese",
							"shelfId": "b;RnJlc2glMjBGb29kJTdDQ2hlZXNlJTdDU3BlY2lhbHR5JTIwJiUyMENvbnRpbmVudGFsJTIwQ2hlZXNlJTdDU21va2VkJTIwQ2hlZXNlJTIwJiUyMEZsYXZvdXJlZCUyMENoZWVzZQ==",
							"shelfName": "Smoked Cheese & Flavoured Cheese",
							"displayType": "Quantity",
							"productType": "SingleProduct",
							"averageWeight": 0,
							"bulkBuyLimit": 25,
							"maxQuantityAllowed": 25,
							"groupBulkBuyLimit": 0,
							"bulkBuyLimitMessage": "You are able to buy a maximum of 25 of this item",
							"bulkBuyLimitGroupId": "G00000216",
							"timeRestrictedDelivery": null,
							"restrictedDelivery": null,
							"isInFavourites": null,
							"isNew": false,
							"isRestrictedOrderAmendment": null,
							"maxWeight": 0,
							"minWeight": 0,
							"increment": 0,
							"details": {
								"components": [
									{
										"isLowEverydayPricing": false,
										"__typename": "AdditionalInfo"
									}
								],
								"__typename": "ProductDetailsType"
							},
							"catchWeightList": null,
							"restrictions": [],
							"reviews": {
								"stats": {
									"noOfReviews": 22,
									"overallRating": 4.2,
									"overallRatingRange": 5,
									"__typename": "ReviewStatsType"
								},
								"__typename": "ReviewsType"
							},
							"modelMetadata": null
						},
						"__typename": "CompositeResultType"
					},
					{
						"node": {
							"typename": "ProductType",
							"context": null,
							"__typename": "ProductType",
							"sellers": {
								"__typename": "ProductSellers",
								"results": [
									{
										"id": "250089080",
										"__typename": "ProductType",
										"isForSale": true,
										"status": "AvailableForSale",
										"seller": null,
										"price": {
											"price": 1,
											"unitPrice": 4,
											"unitOfMeasure": "kg",
											"actual": 1,
											"__typename": "PriceType"
										},
										"promotions": [],
										"fulfilment": null
									}
								]
							},
							"id": "250089080",
							"tpnb": "54860477",
							"tpnc": "250089080",
							"gtin": "05000462431607",
							"adId": null,
							"baseProductId": "54860477",
							"title": "Tesco Cheese Savouries Snacks 250G",
							"brandName": "TESCO",
							"shortDescription": null,
							"defaultImageUrl": "https://digitalcontent.api.tesco.com/v2/media/ghs/012ec04f-e391-4047-b835-f12627eabca8/44e99d92-469a-4343-ad96-1c743d5625c8_1928603547.jpeg?h=225&w=225",
							"superDepartmentId": "b;Rm9vZCUyMEN1cGJvYXJk",
							"media": {
								"defaultImage": {
									"aspectRatio": null,
									"__typename": "ProductMediaDefaultImageType"
								},
								"__typename": "ProductMediaType"
							},
							"quantityInBasket": null,
							"superDepartmentName": "Food Cupboard",
							"departmentId": "b;Rm9vZCUyMEN1cGJvYXJkJTdDQ3Jpc3BzLCUyMFNuYWNrcywlMjBOdXRzJTIwJiUyMFBvcGNvcm4=",
							"departmentName": "Crisps, Snacks, Nuts & Popcorn",
							"aisleId": "b;Rm9vZCUyMEN1cGJvYXJkJTdDQ3Jpc3BzLCUyMFNuYWNrcywlMjBOdXRzJTIwJiUyMFBvcGNvcm4lN0NTaGFyaW5nJTIwQ3Jpc3BzJTIwJiUyMFNuYWNrcw==",
							"aisleName": "Sharing Crisps & Snacks",
							"shelfId": "b;Rm9vZCUyMEN1cGJvYXJkJTdDQ3Jpc3BzLCUyMFNuYWNrcywlMjBOdXRzJTIwJiUyMFBvcGNvcm4lN0NTaGFyaW5nJTIwQ3Jpc3BzJTIwJiUyMFNuYWNrcyU3Q1NoYXJpbmclMjBQYXJ0eSUyMFNuYWNrcyUyMCYlMjBDcmlzcHM=",
							"shelfName": "Sharing Party Snacks & Crisps",
							"displayType": "Quantity",
							"productType": "SingleProduct",
							"averageWeight": 0,
							"bulkBuyLimit": 16,
							"maxQuantityAllowed": 16,
							"groupBulkBuyLimit": 0,
							"bulkBuyLimitMessage": "You are able to buy a maximum of 16 of this item",
							"bulkBuyLimitGroupId": "G00000009",
							"timeRestrictedDelivery": null,
							"restrictedDelivery": null,
							"isInFavourites": null,
							"isNew": false,
							"isRestrictedOrderAmendment": null,
							"maxWeight": 0,
							"minWeight": 0,
							"increment": 0,
							"details": {
								"components": [
									{
										"isLowEverydayPricing": false,
										"__typename": "AdditionalInfo"
									}
								],
								"__typename": "ProductDetailsType"
							},
							"catchWeightList": null,
							"restrictions": [],
							"reviews": {
								"stats": {
									"noOfReviews": 79,
									"overallRating": 3.7,
									"overallRatingRange": 5,
									"__typename": "ReviewStatsType"
								},
								"__typename": "ReviewsType"
							},
							"modelMetadata": null
						},
						"__typename": "CompositeResultType"
					},
					{
						"node": {
							"typename": "ProductType",
							"context": null,
							"__typename": "ProductType",
							"sellers": {
								"__typename": "ProductSellers",
								"results": [
									{
										"id": "267273555",
										"__typename": "ProductType",
										"isForSale": true,
										"status": "AvailableForSale",
										"seller": null,
										"price": {
											"price": 3.39,
											"unitPrice": 9.69,
											"unitOfMeasure": "kg",
											"actual": 3.39,
											"__typename": "PriceType"
										},
										"promotions": [],
										"fulfilment": null
									}
								]
							},
							"id": "267273555",
							"tpnb": "57684531",
							"tpnc": "267273555",
							"gtin": "05000295141599",
							"adId": null,
							"baseProductId": "57684531",
							"title": "Cathedral City Extra Mature Cheddar Cheese 350 G",
							"brandName": "CATHEDRAL CITY",
							"shortDescription": null,
							"defaultImageUrl": "https://digitalcontent.api.tesco.com/v2/media/ghs/28b6be30-8b0f-447f-9925-0cb9a5660cfe/737837a0-c759-4986-b2f1-c6d507ad3e6f.jpeg?h=225&w=225",
							"superDepartmentId": "b;RnJlc2glMjBGb29k",
							"media": {
								"defaultImage": {
									"aspectRatio": null,
									"__typename": "ProductMediaDefaultImageType"
								},
								"__typename": "ProductMediaType"
							},
							"quantityInBasket": null,
							"superDepartmentName": "Fresh Food",
							"departmentId": "b;RnJlc2glMjBGb29kJTdDQ2hlZXNl",
							"departmentName": "Cheese",
							"aisleId": "b;RnJlc2glMjBGb29kJTdDQ2hlZXNlJTdDQ2hlZGRhciUyMENoZWVzZQ==",
							"aisleName": "Cheddar Cheese",
							"shelfId": "b;RnJlc2glMjBGb29kJTdDQ2hlZXNlJTdDQ2hlZGRhciUyMENoZWVzZSU3Q0V4dHJhJTIwTWF0dXJlJTIwJiUyMFZpbnRhZ2UlMjBDaGVkZGFyJTIwQ2hlZXNl",
							"shelfName": "Extra Mature & Vintage Cheddar Cheese",
							"displayType": "Quantity",
							"productType": "SingleProduct",
							"averageWeight": 0,
							"bulkBuyLimit": 25,
							"maxQuantityAllowed": 25,
							"groupBulkBuyLimit": 0,
							"bulkBuyLimitMessage": "You are able to buy a maximum of 25 of this item",
							"bulkBuyLimitGroupId": "G00000053",
							"timeRestrictedDelivery": null,
							"restrictedDelivery": null,
							"isInFavourites": null,
							"isNew": false,
							"isRestrictedOrderAmendment": null,
							"maxWeight": 0,
							"minWeight": 0,
							"increment": 0,
							"details": {
								"components": [
									{
										"isLowEverydayPricing": false,
										"__typename": "AdditionalInfo"
									},
									{
										"competitors": [
											{
												"id": "ALDI",
												"priceMatch": {
													"isMatching": true,
													"__typename": "PriceMatch"
												},
												"__typename": "Competitor"
											}
										],
										"__typename": "CompetitorsInfo"
									}
								],
								"__typename": "ProductDetailsType"
							},
							"catchWeightList": null,
							"restrictions": [],
							"reviews": {
								"stats": {
									"noOfReviews": 16,
									"overallRating": 4.6,
									"overallRatingRange": 5,
									"__typename": "ReviewStatsType"
								},
								"__typename": "ReviewsType"
							},
							"modelMetadata": null
						},
						"__typename": "CompositeResultType"
					},
					{
						"node": {
							"typename": "ProductType",
							"context": null,
							"__typename": "ProductType",
							"sellers": {
								"__typename": "ProductSellers",
								"results": [
									{
										"id": "273197498",
										"__typename": "ProductType",
										"isForSale": true,
										"status": "AvailableForSale",
										"seller": null,
										"price": {
											"price": 1.75,
											"unitPrice": 21.88,
											"unitOfMeasure": "kg",
											"actual": 1.75,
											"__typename": "PriceType"
										},
										"promotions": [],
										"fulfilment": null
									}
								]
							},
							"id": "273197498",
							"tpnb": "52403078",
							"tpnc": "273197498",
							"gtin": "05000187130908",
							"adId": null,
							"baseProductId": "52403078",
							"title": "Cheestrings Original Cheese Snacks 4 Pack 80G",
							"brandName": "GOLDEN VALE",
							"shortDescription": null,
							"defaultImageUrl": "https://digitalcontent.api.tesco.com/v2/media/ghs/eda0a146-a33d-4330-ad98-4f04e5189d5c/2692c0ec-23b6-4798-8ec3-791b80572efb.jpeg?h=225&w=225",
							"superDepartmentId": "b;RnJlc2glMjBGb29k",
							"media": {
								"defaultImage": {
									"aspectRatio": null,
									"__typename": "ProductMediaDefaultImageType"
								},
								"__typename": "ProductMediaType"
							},
							"quantityInBasket": null,
							"superDepartmentName": "Fresh Food",
							"departmentId": "b;RnJlc2glMjBGb29kJTdDQ2hlZXNl",
							"departmentName": "Cheese",
							"aisleId": "b;RnJlc2glMjBGb29kJTdDQ2hlZXNlJTdDQ2hlZXNlJTIwU25hY2tpbmclMjAmJTIwTHVuY2hib3g=",
							"aisleName": "Cheese Snacking & Lunchbox",
							"shelfId": "b;RnJlc2glMjBGb29kJTdDQ2hlZXNlJTdDQ2hlZXNlJTIwU25hY2tpbmclMjAmJTIwTHVuY2hib3glN0NDaGVlc2UlMjBTbmFja2luZyUyMCYlMjBNaW5pcw==",
							"shelfName": "Cheese Snacking & Minis",
							"displayType": "Quantity",
							"productType": "SingleProduct",
							"averageWeight": 0,
							"bulkBuyLimit": 25,
							"maxQuantityAllowed": 25,
							"groupBulkBuyLimit": 0,
							"bulkBuyLimitMessage": "You are able to buy a maximum of 25 of this item",
							"bulkBuyLimitGroupId": "G00000216",
							"timeRestrictedDelivery": null,
							"restrictedDelivery": null,
							"isInFavourites": null,
							"isNew": false,
							"isRestrictedOrderAmendment": null,
							"maxWeight": 0,
							"minWeight": 0,
							"increment": 0,
							"details": {
								"components": [
									{
										"isLowEverydayPricing": false,
										"__typename": "AdditionalInfo"
									}
								],
								"__typename": "ProductDetailsType"
							},
							"catchWeightList": null,
							"restrictions": [],
							"reviews": {
								"stats": {
									"noOfReviews": 82,
									"overallRating": 4.2,
									"overallRatingRange": 5,
									"__typename": "ReviewStatsType"
								},
								"__typename": "ReviewsType"
							},
							"modelMetadata": null
						},
						"__typename": "CompositeResultType"
					},
					{
						"node": {
							"typename": "ProductType",
							"context": null,
							"__typename": "ProductType",
							"sellers": {
								"__typename": "ProductSellers",
								"results": [
									{
										"id": "305951277",
										"__typename": "ProductType",
										"isForSale": false,
										"status": "ExcludedProduct",
										"seller": null,
										"price": {
											"price": 3.35,
											"unitPrice": 8.38,
											"unitOfMeasure": "kg",
											"actual": 3.35,
											"__typename": "PriceType"
										},
										"promotions": [],
										"fulfilment": null
									}
								]
							},
							"id": "305951277",
							"tpnb": "87879440",
							"tpnc": "305951277",
							"gtin": "05057753909383",
							"adId": null,
							"baseProductId": "87879440",
							"title": "Tesco Medium Cheddar 400G",
							"brandName": "TESCO",
							"shortDescription": null,
							"defaultImageUrl": "https://digitalcontent.api.tesco.com/v2/media/ghs/1ca32326-a387-49c7-8d02-13280bc50997/4b78ef7e-8a38-4e01-8779-65f5b9d17579.jpeg?h=225&w=225",
							"superDepartmentId": "b;RnJlc2glMjBGb29k",
							"media": {
								"defaultImage": {
									"aspectRatio": null,
									"__typename": "ProductMediaDefaultImageType"
								},
								"__typename": "ProductMediaType"
							},
							"quantityInBasket": null,
							"superDepartmentName": "Fresh Food",
							"departmentId": "b;RnJlc2glMjBGb29kJTdDQ2hlZXNl",
							"departmentName": "Cheese",
							"aisleId": "b;RnJlc2glMjBGb29kJTdDQ2hlZXNlJTdDQ2hlZGRhciUyMENoZWVzZQ==",
							"aisleName": "Cheddar Cheese",
							"shelfId": "b;RnJlc2glMjBGb29kJTdDQ2hlZXNlJTdDQ2hlZGRhciUyMENoZWVzZSU3Q01hdHVyZSUyMENoZWRkYXIlMjBDaGVlc2U=",
							"shelfName": "Mature Cheddar Cheese",
							"displayType": "Quantity",
							"productType": "SingleProduct",
							"averageWeight": 0,
							"bulkBuyLimit": 25,
							"maxQuantityAllowed": 25,
							"groupBulkBuyLimit": 0,
							"bulkBuyLimitMessage": "You are able to buy a maximum of 25 of this item",
							"bulkBuyLimitGroupId": "G00000216",
							"timeRestrictedDelivery": null,
							"restrictedDelivery": null,
							"isInFavourites": null,
							"isNew": false,
							"isRestrictedOrderAmendment": null,
							"maxWeight": 0,
							"minWeight": 0,
							"increment": 0,
							"details": {
								"components": [
									{
										"isLowEverydayPricing": false,
										"__typename": "AdditionalInfo"
									}
								],
								"__typename": "ProductDetailsType"
							},
							"catchWeightList": null,
							"restrictions": [
								{
									"type": "ExcludedProduct",
									"isViolated": true,
									"message": "This product is unavailable",
									"__typename": "ProductRestrictionType"
								}
							],
							"reviews": {
								"stats": {
									"noOfReviews": 53,
									"overallRating": 3.4,
									"overallRatingRange": 5,
									"__typename": "ReviewStatsType"
								},
								"__typename": "ReviewsType"
							},
							"modelMetadata": null
						},
						"__typename": "CompositeResultType"
					},
					{
						"node": {
							"typename": "ProductType",
							"context": null,
							"__typename": "ProductType",
							"sellers": {
								"__typename": "ProductSellers",
								"results": [
									{
										"id": "264156296",
										"__typename": "ProductType",
										"isForSale": true,
										"status": "AvailableForSale",
										"seller": null,
										"price": {
											"price": 2.95,
											"unitPrice": 11.8,
											"unitOfMeasure": "kg",
											"actual": 2.95,
											"__typename": "PriceType"
										},
										"promotions": [
											{
												"id": "93341347",
												"promotionType": null,
												"startDate": "2025-06-27T23:00:00Z",
												"endDate": "2026-01-01T00:00:00Z",
												"description": "Any 2 for \u00a34.50 Clubcard Price - Selected Sliced And Grated Cheese",
												"unitSellingInfo": null,
												"price": null,
												"attributes": [
													"CLUBCARD_PRICING"
												],
												"__typename": "PromotionType"
											}
										],
										"fulfilment": null
									}
								]
							},
							"id": "264156296",
							"tpnb": "53765528",
							"tpnc": "264156296",
							"gtin": "05051790297984",
							"adId": null,
							"baseProductId": "53765528",
							"title": "Tesco British Mild Cheddar Cheese 10 Slices, 250 G",
							"brandName": "TESCO",
							"shortDescription": null,
							"defaultImageUrl": "https://digitalcontent.api.tesco.com/v2/media/ghs/d4a0dba4-c507-4c59-a94c-651e3d4e62aa/879fb9fc-ec3c-4342-899b-d045f2099609.jpeg?h=225&w=225",
							"superDepartmentId": "b;RnJlc2glMjBGb29k",
							"media": {
								"defaultImage": {
									"aspectRatio": null,
									"__typename": "ProductMediaDefaultImageType"
								},
								"__typename": "ProductMediaType"
							},
							"quantityInBasket": null,
							"superDepartmentName": "Fresh Food",
							"departmentId": "b;RnJlc2glMjBGb29kJTdDQ2hlZXNl",
							"departmentName": "Cheese",
							"aisleId": "b;RnJlc2glMjBGb29kJTdDQ2hlZXNlJTdDR3JhdGVkJTIwJiUyMFNsaWNlZCUyMENoZWVzZQ==",
							"aisleName": "Grated & Sliced Cheese",
							"shelfId": "b;RnJlc2glMjBGb29kJTdDQ2hlZXNlJTdDR3JhdGVkJTIwJiUyMFNsaWNlZCUyMENoZWVzZSU3Q1NsaWNlZCUyMENoZWVzZQ==",
							"shelfName": "Sliced Cheese",
							"displayType": "Quantity",
							"productType": "SingleProduct",
							"averageWeight": 0,
							"bulkBuyLimit": 25,
							"maxQuantityAllowed": 25,
							"groupBulkBuyLimit": 0,
							"bulkBuyLimitMessage": "You are able to buy a maximum of 25 of this item",
							"bulkBuyLimitGroupId": "G00000053",
							"timeRestrictedDelivery": null,
							"restrictedDelivery": null,
							"isInFavourites": null,
							"isNew": false,
							"isRestrictedOrderAmendment": null,
							"maxWeight": 0,
							"minWeight": 0,
							"increment": 0,
							"details": {
								"components": [
									{
										"isLowEverydayPricing": false,
										"__typename": "AdditionalInfo"
									}
								],
								"__typename": "ProductDetailsType"
							},
							"catchWeightList": null,
							"restrictions": [],
							"reviews": {
								"stats": {
									"noOfReviews": 128,
									"overallRating": 4.6,
									"overallRatingRange": 5,
									"__typename": "ReviewStatsType"
								},
								"__typename": "ReviewsType"
							},
							"modelMetadata": null
						},
						"__typename": "CompositeResultType"
					},
					{
						"node": {
							"typename": "ProductType",
							"context": null,
							"__typename": "ProductType",
							"sellers": {
								"__typename": "ProductSellers",
								"results": [
									{
										"id": "257480267",
										"__typename": "ProductType",
										"isForSale": true,
										"status": "AvailableForSale",
										"seller": null,
										"price": {
											"price": 2.6,
											"unitPrice": 10.4,
											"unitOfMeasure": "kg",
											"actual": 2.6,
											"__typename": "PriceType"
										},
										"promotions": [
											{
												"id": "93341347",
												"promotionType": null,
												"startDate": "2025-06-27T23:00:00Z",
												"endDate": "2026-01-01T00:00:00Z",
												"description": "Any 2 for \u00a34.50 Clubcard Price - Selected Sliced And Grated Cheese",
												"unitSellingInfo": null,
												"price": null,
												"attributes": [
													"CLUBCARD_PRICING"
												],
												"__typename": "PromotionType"
											}
										],
										"fulfilment": null
									}
								]
							},
							"id": "257480267",
							"tpnb": "58684011",
							"tpnc": "257480267",
							"gtin": "05000462979826",
							"adId": null,
							"baseProductId": "58684011",
							"title": "Tesco Grated Mozzarella 250G",
							"brandName": "TESCO",
							"shortDescription": null,
							"defaultImageUrl": "https://digitalcontent.api.tesco.com/v2/media/ghs/20b40da8-8727-483a-abcb-47c6957815cc/24e24609-c579-4188-b9b3-cbae48dedaae.jpeg?h=225&w=225",
							"superDepartmentId": "b;RnJlc2glMjBGb29k",
							"media": {
								"defaultImage": {
									"aspectRatio": null,
									"__typename": "ProductMediaDefaultImageType"
								},
								"__typename": "ProductMediaType"
							},
							"quantityInBasket": null,
							"superDepartmentName": "Fresh Food",
							"departmentId": "b;RnJlc2glMjBGb29kJTdDQ2hlZXNl",
							"departmentName": "Cheese",
							"aisleId": "b;RnJlc2glMjBGb29kJTdDQ2hlZXNlJTdDR3JhdGVkJTIwJiUyMFNsaWNlZCUyMENoZWVzZQ==",
							"aisleName": "Grated & Sliced Cheese",
							"shelfId": "b;RnJlc2glMjBGb29kJTdDQ2hlZXNlJTdDR3JhdGVkJTIwJiUyMFNsaWNlZCUyMENoZWVzZSU3Q0dyYXRlZCUyMENoZWVzZQ==",
							"shelfName": "Grated Cheese",
							"displayType": "Quantity",
							"productType": "SingleProduct",
							"averageWeight": 0,
							"bulkBuyLimit": 25,
							"maxQuantityAllowed": 25,
							"groupBulkBuyLimit": 0,
							"bulkBuyLimitMessage": "You are able to buy a maximum of 25 of this item",
							"bulkBuyLimitGroupId": "G00000216",
							"timeRestrictedDelivery": null,
							"restrictedDelivery": null,
							"isInFavourites": null,
							"isNew": false,
							"isRestrictedOrderAmendment": null,
							"maxWeight": 0,
							"minWeight": 0,
							"increment": 0,
							"details": {
								"components": [
									{
										"isLowEverydayPricing": false,
										"__typename": "AdditionalInfo"
									}
								],
								"__typename": "ProductDetailsType"
							},
							"catchWeightList": null,
							"restrictions": [],
							"reviews": {
								"stats": {
									"noOfReviews": 64,
									"overallRating": 4.4,
									"overallRatingRange": 5,
									"__typename": "ReviewStatsType"
								},
								"__typename": "ReviewsType"
							},
							"modelMetadata": null
						},
						"__typename": "CompositeResultType"
					},
					{
						"node": {
							"typename": "ProductType",
							"context": null,
							"__typename": "ProductType",
							"sellers": {
								"__typename": "ProductSellers",
								"results": [
									{
										"id": "258805200",
										"__typename": "ProductType",
										"isForSale": true,
										"status": "AvailableForSale",
										"seller": null,
										"price": {
											"price": 1.35,
											"unitPrice": 10.8,
											"unitOfMeasure": "kg",
											"actual": 1.35,
											"__typename": "PriceType"
										},
										"promotions": [],
										"fulfilment": null
									}
								]
							},
							"id": "258805200",
							"tpnb": "56543358",
							"tpnc": "258805200",
							"gtin": "05017838811314",
							"adId": null,
							"baseProductId": "56543358",
							"title": "Seriously Spreadable Original Cheese Spread 125g",
							"brandName": "SERIOUSLY",
							"shortDescription": null,
							"defaultImageUrl": "https://digitalcontent.api.tesco.com/v2/media/ghs/7fb3160c-ecd6-4367-badc-a8833751e78e/ee9ef2a9-55e6-4bcd-8676-0bf0c9d29ec1.jpeg?h=225&w=225",
							"superDepartmentId": "b;RnJlc2glMjBGb29k",
							"media": {
								"defaultImage": {
									"aspectRatio": null,
									"__typename": "ProductMediaDefaultImageType"
								},
								"__typename": "ProductMediaType"
							},
							"quantityInBasket": null,
							"superDepartmentName": "Fresh Food",
							"departmentId": "b;RnJlc2glMjBGb29kJTdDQ2hlZXNl",
							"departmentName": "Cheese",
							"aisleId": "b;RnJlc2glMjBGb29kJTdDQ2hlZXNlJTdDQ2hlZXNlJTIwU25hY2tpbmclMjAmJTIwTHVuY2hib3g=",
							"aisleName": "Cheese Snacking & Lunchbox",
							"shelfId": "b;RnJlc2glMjBGb29kJTdDQ2hlZXNlJTdDQ2hlZXNlJTIwU25hY2tpbmclMjAmJTIwTHVuY2hib3glN0NMdW5jaGJveCUyMENoZWVzZSUyMFNuYWNraW5nJTIwU3ByZWFk",
							"shelfName": "Lunchbox Cheese Snacking Spread",
							"displayType": "Quantity",
							"productType": "SingleProduct",
							"averageWeight": 0,
							"bulkBuyLimit": 25,
							"maxQuantityAllowed": 25,
							"groupBulkBuyLimit": 0,
							"bulkBuyLimitMessage": "You are able to buy a maximum of 25 of this item",
							"bulkBuyLimitGroupId": "G00000216",
							"timeRestrictedDelivery": null,
							"restrictedDelivery": null,
							"isInFavourites": null,
							"isNew": false,
							"isRestrictedOrderAmendment": null,
							"maxWeight": 0,
							"minWeight": 0,
							"increment": 0,
							"details": {
								"components": [
									{
										"isLowEverydayPricing": false,
										"__typename": "AdditionalInfo"
									},
									{
										"competitors": [
											{
												"id": "ALDI",
												"priceMatch": {
													"isMatching": true,
													"__typename": "PriceMatch"
												},
												"__typename": "Competitor"
											}
										],
										"__typename": "CompetitorsInfo"
									}
								],
								"__typename": "ProductDetailsType"
							},
							"catchWeightList": null,
							"restrictions": [],
							"reviews": {
								"stats": {
									"noOfReviews": 125,
									"overallRating": 4.5,
									"overallRatingRange": 5,
									"__typename": "ReviewStatsType"
								},
								"__typename": "ReviewsType"
							},
							"modelMetadata": null
						},
						"__typename": "CompositeResultType"
					},
					{
						"node": {
							"typename": "ProductType",
							"context": null,
							"__typename": "ProductType",
							"sellers": {
								"__typename": "ProductSellers",
								"results": [
									{
										"id": "264886952",
										"__typename": "ProductType",
										"isForSale": true,
										"status": "AvailableForSale",
										"seller": null,
										"price": {
											"price": 2.6,
											"unitPrice": 10.4,
											"unitOfMeasure": "kg",
											"actual": 2.6,
											"__typename": "PriceType"
										},
										"promotions": [
											{
												"id": "93341347",
												"promotionType": null,
												"startDate": "2025-06-27T23:00:00Z",
												"endDate": "2026-01-01T00:00:00Z",
												"description": "Any 2 for \u00a34.50 Clubcard Price - Selected Sliced And Grated Cheese",
												"unitSellingInfo": null,
												"price": null,
												"attributes": [
													"CLUBCARD_PRICING"
												],
												"__typename": "PromotionType"
											}
										],
										"fulfilment": null
									}
								]
							},
							"id": "264886952",
							"tpnb": "64237786",
							"tpnc": "264886952",
							"gtin": "05051898988982",
							"adId": null,
							"baseProductId": "64237786",
							"title": "Tesco British Mild Grated Cheddar Cheese 250g",
							"brandName": "TESCO",
							"shortDescription": null,
							"defaultImageUrl": "https://digitalcontent.api.tesco.com/v2/media/ghs/348b8998-78f6-4fd1-a782-1f44a1577ce0/1cd1c462-f81d-4f7d-9ab3-61f19126a60b.jpeg?h=225&w=225",
							"superDepartmentId": "b;RnJlc2glMjBGb29k",
							"media": {
								"defaultImage": {
									"aspectRatio": null,
									"__typename": "ProductMediaDefaultImageType"
								},
								"__typename": "ProductMediaType"
							},
							"quantityInBasket": null,
							"superDepartmentName": "Fresh Food",
							"departmentId": "b;RnJlc2glMjBGb29kJTdDQ2hlZXNl",
							"departmentName": "Cheese",
							"aisleId": "b;RnJlc2glMjBGb29kJTdDQ2hlZXNlJTdDR3JhdGVkJTIwJiUyMFNsaWNlZCUyMENoZWVzZQ==",
							"aisleName": "Grated & Sliced Cheese",
							"shelfId": "b;RnJlc2glMjBGb29kJTdDQ2hlZXNlJTdDR3JhdGVkJTIwJiUyMFNsaWNlZCUyMENoZWVzZSU3Q0dyYXRlZCUyMENoZWVzZQ==",
							"shelfName": "Grated Cheese",
							"displayType": "Quantity",
							"productType": "SingleProduct",
							"averageWeight": 0,
							"bulkBuyLimit": 25,
							"maxQuantityAllowed": 25,
							"groupBulkBuyLimit": 0,
							"bulkBuyLimitMessage": "You are able to buy a maximum of 25 of this item",
							"bulkBuyLimitGroupId": "G00000216",
							"timeRestrictedDelivery": null,
							"restrictedDelivery": null,
							"isInFavourites": null,
							"isNew": false,
							"isRestrictedOrderAmendment": null,
							"maxWeight": 0,
							"minWeight": 0,
							"increment": 0,
							"details": {
								"components": [
									{
										"isLowEverydayPricing": false,
										"__typename": "AdditionalInfo"
									}
								],
								"__typename": "ProductDetailsType"
							},
							"catchWeightList": null,
							"restrictions": [],
							"reviews": {
								"stats": {
									"noOfReviews": 53,
									"overallRating": 4.6,
									"overallRatingRange": 5,
									"__typename": "ReviewStatsType"
								},
								"__typename": "ReviewsType"
							},
							"modelMetadata": null
						},
						"__typename": "CompositeResultType"
					},
					{
						"node": {
							"typename": "ProductType",
							"context": null,
							"__typename": "ProductType",
							"sellers": {
								"__typename": "ProductSellers",
								"results": [
									{
										"id": "305990028",
										"__typename": "ProductType",
										"isForSale": true,
										"status": "AvailableForSale",
										"seller": null,
										"price": {
											"price": 3.35,
											"unitPrice": 8.38,
											"unitOfMeasure": "kg",
											"actual": 3.35,
											"__typename": "PriceType"
										},
										"promotions": [],
										"fulfilment": null
									}
								]
							},
							"id": "305990028",
							"tpnb": "87884698",
							"tpnc": "305990028",
							"gtin": "05057753940591",
							"adId": null,
							"baseProductId": "87884698",
							"title": "Tesco Double Gloucester Cheese 400G",
							"brandName": "TESCO",
							"shortDescription": null,
							"defaultImageUrl": "https://digitalcontent.api.tesco.com/v2/media/ghs/8d156772-d079-4435-8877-fcef5a897dcb/63f2a5ef-c963-477f-837f-822a01c153ee.jpeg?h=225&w=225",
							"superDepartmentId": "b;RnJlc2glMjBGb29k",
							"media": {
								"defaultImage": {
									"aspectRatio": null,
									"__typename": "ProductMediaDefaultImageType"
								},
								"__typename": "ProductMediaType"
							},
							"quantityInBasket": null,
							"superDepartmentName": "Fresh Food",
							"departmentId": "b;RnJlc2glMjBGb29kJTdDQ2hlZXNl",
							"departmentName": "Cheese",
							"aisleId": "b;RnJlc2glMjBGb29kJTdDQ2hlZXNlJTdDUmVnaW9uYWwlMjBDaGVlc2U=",
							"aisleName": "Regional Cheese",
							"shelfId": "b;RnJlc2glMjBGb29kJTdDQ2hlZXNlJTdDUmVnaW9uYWwlMjBDaGVlc2UlN0NHbG91Y2VzdGVyJTIwQ2hlZXNl",
							"shelfName": "Gloucester Cheese",
							"displayType": "Quantity",
							"productType": "SingleProduct",
							"averageWeight": 0,
							"bulkBuyLimit": 25,
							"maxQuantityAllowed": 25,
							"groupBulkBuyLimit": 0,
							"bulkBuyLimitMessage": "You are able to buy a maximum of 25 of this item",
							"bulkBuyLimitGroupId": "G00000053",
							"timeRestrictedDelivery": null,
							"restrictedDelivery": null,
							"isInFavourites": null,
							"isNew": false,
							"isRestrictedOrderAmendment": null,
							"maxWeight": 0,
							"minWeight": 0,
							"increment": 0,
							"details": {
								"components": [
									{
										"isLowEverydayPricing": false,
										"__typename": "AdditionalInfo"
									}
								],
								"__typename": "ProductDetailsType"
							},
							"catchWeightList": null,
							"restrictions": [],
							"reviews": {
								"stats": {
									"noOfReviews": 110,
									"overallRating": 3.9,
									"overallRatingRange": 5,
									"__typename": "ReviewStatsType"
								},
								"__typename": "ReviewsType"
							},
							"modelMetadata": null
						},
						"__typename": "CompositeResultType"
					},
					{
						"node": {
							"typename": "ProductType",
							"context": null,
							"__typename": "ProductType",
							"sellers": {
								"__typename": "ProductSellers",
								"results": [
									{
										"id": "254266371",
										"__typename": "ProductType",
										"isForSale": true,
										"status": "AvailableForSale",
										"seller": null,
										"price": {
											"price": 1.4,
											"unitPrice": 7,
											"unitOfMeasure": "kg",
											"actual": 1.4,
											"__typename": "PriceType"
										},
										"promotions": [],
										"fulfilment": null
									}
								]
							},
							"id": "254266371",
							"tpnb": "50851431",
							"tpnc": "254266371",
							"gtin": "05000119517012",
							"adId": null,
							"baseProductId": "50851431",
							"title": "Tesco 10 Mild Cheese Slices 200G",
							"brandName": "TESCO",
							"shortDescription": null,
							"defaultImageUrl": "https://digitalcontent.api.tesco.com/v2/media/ghs/28e5a74d-4ba4-4cb0-bbfe-302907956133/4b895518-091e-4229-bacd-db88551fdd40.jpeg?h=225&w=225",
							"superDepartmentId": "b;RnJlc2glMjBGb29k",
							"media": {
								"defaultImage": {
									"aspectRatio": null,
									"__typename": "ProductMediaDefaultImageType"
								},
								"__typename": "ProductMediaType"
							},
							"quantityInBasket": null,
							"superDepartmentName": "Fresh Food",
							"departmentId": "b;RnJlc2glMjBGb29kJTdDQ2hlZXNl",
							"departmentName": "Cheese",
							"aisleId": "b;RnJlc2glMjBGb29kJTdDQ2hlZXNlJTdDQ2hlZXNlJTIwU25hY2tpbmclMjAmJTIwTHVuY2hib3g=",
							"aisleName": "Cheese Snacking & Lunchbox",
							"shelfId": "b;RnJlc2glMjBGb29kJTdDQ2hlZXNlJTdDQ2hlZXNlJTIwU25hY2tpbmclMjAmJTIwTHVuY2hib3glN0NMdW5jaGJveCUyMENoZWVzZSUyMFNsaWNlcw==",
							"shelfName": "Lunchbox Cheese Slices",
							"displayType": "Quantity",
							"productType": "SingleProduct",
							"averageWeight": 0,
							"bulkBuyLimit": 16,
							"maxQuantityAllowed": 16,
							"groupBulkBuyLimit": 0,
							"bulkBuyLimitMessage": "You are able to buy a maximum of 16 of this item",
							"bulkBuyLimitGroupId": "G00000241",
							"timeRestrictedDelivery": null,
							"restrictedDelivery": null,
							"isInFavourites": null,
							"isNew": false,
							"isRestrictedOrderAmendment": null,
							"maxWeight": 0,
							"minWeight": 0,
							"increment": 0,
							"details": {
								"components": [
									{
										"isLowEverydayPricing": false,
										"__typename": "AdditionalInfo"
									}
								],
								"__typename": "ProductDetailsType"
							},
							"catchWeightList": null,
							"restrictions": [],
							"reviews": {
								"stats": {
									"noOfReviews": 53,
									"overallRating": 3.8,
									"overallRatingRange": 5,
									"__typename": "ReviewStatsType"
								},
								"__typename": "ReviewsType"
							},
							"modelMetadata": null
						},
						"__typename": "CompositeResultType"
					},
					{
						"node": {
							"typename": "ProductType",
							"context": null,
							"__typename": "ProductType",
							"sellers": {
								"__typename": "ProductSellers",
								"results": [
									{
										"id": "299597970",
										"__typename": "ProductType",
										"isForSale": true,
										"status": "AvailableForSale",
										"seller": null,
										"price": {
											"price": 0.58,
											"unitPrice": 0.51,
											"unitOfMeasure": "100g",
											"actual": 0.58,
											"__typename": "PriceType"
										},
										"promotions": [],
										"fulfilment": null
									}
								]
							},
							"id": "299597970",
							"tpnb": "84620092",
							"tpnc": "299597970",
							"gtin": "05057545715802",
							"adId": null,
							"baseProductId": "84620092",
							"title": "Hearty Food Co. Cheese & Tomato Pizza 114G",
							"brandName": "HEARTY FOOD CO.",
							"shortDescription": null,
							"defaultImageUrl": "https://digitalcontent.api.tesco.com/v2/media/ghs/f5ddefc8-7a30-4df3-b69c-b69474aa2f99/8dbd3a9b-dc4c-470e-9964-055142ccaaad.jpeg?h=225&w=225",
							"superDepartmentId": "b;RnJlc2glMjBGb29k",
							"media": {
								"defaultImage": {
									"aspectRatio": null,
									"__typename": "ProductMediaDefaultImageType"
								},
								"__typename": "ProductMediaType"
							},
							"quantityInBasket": null,
							"superDepartmentName": "Fresh Food",
							"departmentId": "b;RnJlc2glMjBGb29kJTdDRnJlc2glMjBQaXp6YSwlMjBQYXN0YSUyMCYlMjBHYXJsaWMlMjBCcmVhZA==",
							"departmentName": "Fresh Pizza, Pasta & Garlic Bread",
							"aisleId": "b;RnJlc2glMjBGb29kJTdDRnJlc2glMjBQaXp6YSwlMjBQYXN0YSUyMCYlMjBHYXJsaWMlMjBCcmVhZCU3Q0ZyZXNoJTIwUGl6emE=",
							"aisleName": "Fresh Pizza",
							"shelfId": "b;RnJlc2glMjBGb29kJTdDRnJlc2glMjBQaXp6YSwlMjBQYXN0YSUyMCYlMjBHYXJsaWMlMjBCcmVhZCU3Q0ZyZXNoJTIwUGl6emElN0NNYXJnaGVyaXRhJTIwQ2hlZXNlJTIwJiUyMFRvbWF0byUyMFBpenph",
							"shelfName": "Margherita Cheese & Tomato Pizza",
							"displayType": "Quantity",
							"productType": "SingleProduct",
							"averageWeight": 0,
							"bulkBuyLimit": 16,
							"maxQuantityAllowed": 16,
							"groupBulkBuyLimit": 0,
							"bulkBuyLimitMessage": "You are able to buy a maximum of 16 of this item",
							"bulkBuyLimitGroupId": "G00000241",
							"timeRestrictedDelivery": null,
							"restrictedDelivery": null,
							"isInFavourites": null,
							"isNew": false,
							"isRestrictedOrderAmendment": null,
							"maxWeight": 0,
							"minWeight": 0,
							"increment": 0,
							"details": {
								"components": [
									{
										"isLowEverydayPricing": false,
										"__typename": "AdditionalInfo"
									},
									{
										"competitors": [
											{
												"id": "ALDI",
												"priceMatch": {
													"isMatching": true,
													"__typename": "PriceMatch"
												},
												"__typename": "Competitor"
											}
										],
										"__typename": "CompetitorsInfo"
									}
								],
								"__typename": "ProductDetailsType"
							},
							"catchWeightList": null,
							"restrictions": [],
							"reviews": {
								"stats": {
									"noOfReviews": 51,
									"overallRating": 4.1,
									"overallRatingRange": 5,
									"__typename": "ReviewStatsType"
								},
								"__typename": "ReviewsType"
							},
							"modelMetadata": null
						},
						"__typename": "CompositeResultType"
					},
					{
						"node": {
							"typename": "ProductType",
							"context": null,
							"__typename": "ProductType",
							"sellers": {
								"__typename": "ProductSellers",
								"results": [
									{
										"id": "321037149",
										"__typename": "ProductType",
										"isForSale": true,
										"status": "AvailableForSale",
										"seller": null,
										"price": {
											"price": 1.7,
											"unitPrice": 11.33,
											"unitOfMeasure": "kg",
											"actual": 1.7,
											"__typename": "PriceType"
										},
										"promotions": [],
										"fulfilment": null
									}
								]
							},
							"id": "321037149",
							"tpnb": "93947408",
							"tpnc": "321037149",
							"gtin": "07622202268656",
							"adId": null,
							"baseProductId": "93947408",
							"title": "Dairylea Cheese Slices x8 150g",
							"brandName": "dairylea",
							"shortDescription": null,
							"defaultImageUrl": "https://digitalcontent.api.tesco.com/v2/media/ghs/df8ca5fe-557c-4978-b008-44c4468e732d/43007932-0f37-44f6-9281-5d8814bd2f93_568018421.jpeg?h=225&w=225",
							"superDepartmentId": "b;RnJlc2glMjBGb29k",
							"media": {
								"defaultImage": {
									"aspectRatio": null,
									"__typename": "ProductMediaDefaultImageType"
								},
								"__typename": "ProductMediaType"
							},
							"quantityInBasket": null,
							"superDepartmentName": "Fresh Food",
							"departmentId": "b;RnJlc2glMjBGb29kJTdDQ2hlZXNl",
							"departmentName": "Cheese",
							"aisleId": "b;RnJlc2glMjBGb29kJTdDQ2hlZXNlJTdDQ2hlZXNlJTIwU25hY2tpbmclMjAmJTIwTHVuY2hib3g=",
							"aisleName": "Cheese Snacking & Lunchbox",
							"shelfId": "b;RnJlc2glMjBGb29kJTdDQ2hlZXNlJTdDQ2hlZXNlJTIwU25hY2tpbmclMjAmJTIwTHVuY2hib3glN0NMdW5jaGJveCUyMENoZWVzZSUyMFNsaWNlcw==",
							"shelfName": "Lunchbox Cheese Slices",
							"displayType": "Quantity",
							"productType": "SingleProduct",
							"averageWeight": 0,
							"bulkBuyLimit": 99,
							"maxQuantityAllowed": 99,
							"groupBulkBuyLimit": 0,
							"bulkBuyLimitMessage": "Max allowed is 99.",
							"bulkBuyLimitGroupId": null,
							"timeRestrictedDelivery": null,
							"restrictedDelivery": null,
							"isInFavourites": null,
							"isNew": false,
							"isRestrictedOrderAmendment": null,
							"maxWeight": 0,
							"minWeight": 0,
							"increment": 0,
							"details": {
								"components": [
									{
										"isLowEverydayPricing": false,
										"__typename": "AdditionalInfo"
									}
								],
								"__typename": "ProductDetailsType"
							},
							"catchWeightList": null,
							"restrictions": [],
							"reviews": {
								"stats": {
									"noOfReviews": 11,
									"overallRating": 3.5,
									"overallRatingRange": 5,
									"__typename": "ReviewStatsType"
								},
								"__typename": "ReviewsType"
							},
							"modelMetadata": null
						},
						"__typename": "CompositeResultType"
					},
					{
						"node": {
							"typename": "ProductType",
							"context": null,
							"__typename": "ProductType",
							"sellers": {
								"__typename": "ProductSellers",
								"results": [
									{
										"id": "307760874",
										"__typename": "ProductType",
										"isForSale": true,
										"status": "AvailableForSale",
										"seller": null,
										"price": {
											"price": 0.83,
											"unitPrice": 3.26,
											"unitOfMeasure": "kg",
											"actual": 0.83,
											"__typename": "PriceType"
										},
										"promotions": [],
										"fulfilment": null
									}
								]
							},
							"id": "307760874",
							"tpnb": "88711073",
							"tpnc": "307760874",
							"gtin": "05057753901202",
							"adId": null,
							"baseProductId": "88711073",
							"title": "Creamfields Cheese Slices 15 Pack 255g",
							"brandName": "CREAMFIELDS",
							"shortDescription": null,
							"defaultImageUrl": "https://digitalcontent.api.tesco.com/v2/media/ghs/6ff3dd29-f364-4337-9066-9828317bb16a/11a14d57-368e-4dfc-8f91-3f124912facc_529284090.jpeg?h=225&w=225",
							"superDepartmentId": "b;RnJlc2glMjBGb29k",
							"media": {
								"defaultImage": {
									"aspectRatio": null,
									"__typename": "ProductMediaDefaultImageType"
								},
								"__typename": "ProductMediaType"
							},
							"quantityInBasket": null,
							"superDepartmentName": "Fresh Food",
							"departmentId": "b;RnJlc2glMjBGb29kJTdDQ2hlZXNl",
							"departmentName": "Cheese",
							"aisleId": "b;RnJlc2glMjBGb29kJTdDQ2hlZXNlJTdDQ2hlZXNlJTIwU25hY2tpbmclMjAmJTIwTHVuY2hib3g=",
							"aisleName": "Cheese Snacking & Lunchbox",
							"shelfId": "b;RnJlc2glMjBGb29kJTdDQ2hlZXNlJTdDQ2hlZXNlJTIwU25hY2tpbmclMjAmJTIwTHVuY2hib3glN0NMdW5jaGJveCUyMENoZWVzZSUyMFNsaWNlcw==",
							"shelfName": "Lunchbox Cheese Slices",
							"displayType": "Quantity",
							"productType": "SingleProduct",
							"averageWeight": 0,
							"bulkBuyLimit": 25,
							"maxQuantityAllowed": 25,
							"groupBulkBuyLimit": 0,
							"bulkBuyLimitMessage": "You are able to buy a maximum of 25 of this item",
							"bulkBuyLimitGroupId": "G00000216",
							"timeRestrictedDelivery": null,
							"restrictedDelivery": null,
							"isInFavourites": null,
							"isNew": false,
							"isRestrictedOrderAmendment": null,
							"maxWeight": 0,
							"minWeight": 0,
							"increment": 0,
							"details": {
								"components": [
									{
										"isLowEverydayPricing": false,
										"__typename": "AdditionalInfo"
									},
									{
										"competitors": [
											{
												"id": "ALDI",
												"priceMatch": {
													"isMatching": true,
													"__typename": "PriceMatch"
												},
												"__typename": "Competitor"
											}
										],
										"__typename": "CompetitorsInfo"
									}
								],
								"__typename": "ProductDetailsType"
							},
							"catchWeightList": null,
							"restrictions": [],
							"reviews": {
								"stats": {
									"noOfReviews": 107,
									"overallRating": 3.6,
									"overallRatingRange": 5,
									"__typename": "ReviewStatsType"
								},
								"__typename": "ReviewsType"
							},
							"modelMetadata": null
						},
						"__typename": "CompositeResultType"
					},
					{
						"node": {
							"typename": "ProductType",
							"context": null,
							"__typename": "ProductType",
							"sellers": {
								"__typename": "ProductSellers",
								"results": [
									{
										"id": "274233558",
										"__typename": "ProductType",
										"isForSale": true,
										"status": "AvailableForSale",
										"seller": null,
										"price": {
											"price": 2.95,
											"unitPrice": 15.53,
											"unitOfMeasure": "kg",
											"actual": 2.95,
											"__typename": "PriceType"
										},
										"promotions": [],
										"fulfilment": null
									}
								]
							},
							"id": "274233558",
							"tpnb": "64560834",
							"tpnc": "274233558",
							"gtin": "05014442006754",
							"adId": null,
							"baseProductId": "64560834",
							"title": "Jarlsberg Cheese Cheese 190G",
							"brandName": "ILCHESTER",
							"shortDescription": null,
							"defaultImageUrl": "https://digitalcontent.api.tesco.com/v2/media/ghs/d38d5ed2-ab8b-4263-9977-0819cdd90ac1/21db98f0-f7b1-461a-aa80-027a197efb3a.jpeg?h=225&w=225",
							"superDepartmentId": "b;RnJlc2glMjBGb29k",
							"media": {
								"defaultImage": {
									"aspectRatio": null,
									"__typename": "ProductMediaDefaultImageType"
								},
								"__typename": "ProductMediaType"
							},
							"quantityInBasket": null,
							"superDepartmentName": "Fresh Food",
							"departmentId": "b;RnJlc2glMjBGb29kJTdDQ2hlZXNl",
							"departmentName": "Cheese",
							"aisleId": "b;RnJlc2glMjBGb29kJTdDQ2hlZXNlJTdDU3BlY2lhbHR5JTIwJiUyMENvbnRpbmVudGFsJTIwQ2hlZXNl",
							"aisleName": "Specialty & Continental Cheese",
							"shelfId": "b;RnJlc2glMjBGb29kJTdDQ2hlZXNlJTdDU3BlY2lhbHR5JTIwJiUyMENvbnRpbmVudGFsJTIwQ2hlZXNlJTdDSGFyZCUyMENvbnRpbmVudGFsJTIwQ2hlZXNl",
							"shelfName": "Hard Continental Cheese",
							"displayType": "Quantity",
							"productType": "SingleProduct",
							"averageWeight": 0,
							"bulkBuyLimit": 25,
							"maxQuantityAllowed": 25,
							"groupBulkBuyLimit": 0,
							"bulkBuyLimitMessage": "You are able to buy a maximum of 25 of this item",
							"bulkBuyLimitGroupId": "G00000216",
							"timeRestrictedDelivery": null,
							"restrictedDelivery": null,
							"isInFavourites": null,
							"isNew": false,
							"isRestrictedOrderAmendment": null,
							"maxWeight": 0,
							"minWeight": 0,
							"increment": 0,
							"details": {
								"components": [
									{
										"isLowEverydayPricing": false,
										"__typename": "AdditionalInfo"
									}
								],
								"__typename": "ProductDetailsType"
							},
							"catchWeightList": null,
							"restrictions": [],
							"reviews": {
								"stats": {
									"noOfReviews": 15,
									"overallRating": 3.2,
									"overallRatingRange": 5,
									"__typename": "ReviewStatsType"
								},
								"__typename": "ReviewsType"
							},
							"modelMetadata": null
						},
						"__typename": "CompositeResultType"
					},
					{
						"node": {
							"typename": "ProductType",
							"context": null,
							"__typename": "ProductType",
							"sellers": {
								"__typename": "ProductSellers",
								"results": [
									{
										"id": "306504063",
										"__typename": "ProductType",
										"isForSale": false,
										"status": "ExcludedProduct",
										"seller": null,
										"price": {
											"price": 5.3,
											"unitPrice": 9.64,
											"unitOfMeasure": "kg",
											"actual": 5.3,
											"__typename": "PriceType"
										},
										"promotions": [
											{
												"id": "96149166",
												"promotionType": null,
												"startDate": "2025-11-26T00:00:00Z",
												"endDate": "2025-12-25T00:00:00Z",
												"description": "\u00a34.00 Clubcard Price",
												"unitSellingInfo": "\u00a37.27/kg",
												"price": {
													"beforeDiscount": null,
													"afterDiscount": 5.3,
													"__typename": "PromotionPriceType"
												},
												"attributes": [
													"CLUBCARD_PRICING"
												],
												"__typename": "PromotionType"
											}
										],
										"fulfilment": null
									}
								]
							},
							"id": "306504063",
							"tpnb": "87859965",
							"tpnc": "306504063",
							"gtin": "05000295147782",
							"adId": null,
							"baseProductId": "87859965",
							"title": "Cathedral City Mature Lighter Cheddar Cheese 550G",
							"brandName": "CATHEDRAL CITY",
							"shortDescription": null,
							"defaultImageUrl": "https://digitalcontent.api.tesco.com/v2/media/ghs/f1169f9d-895c-41b7-a44d-01b73cb377cf/6dfa55a9-62ab-4036-bb2f-abfb91d847b0_113483806.jpeg?h=225&w=225",
							"superDepartmentId": "b;RnJlc2glMjBGb29k",
							"media": {
								"defaultImage": {
									"aspectRatio": null,
									"__typename": "ProductMediaDefaultImageType"
								},
								"__typename": "ProductMediaType"
							},
							"quantityInBasket": null,
							"superDepartmentName": "Fresh Food",
							"departmentId": "b;RnJlc2glMjBGb29kJTdDQ2hlZXNl",
							"departmentName": "Cheese",
							"aisleId": "b;RnJlc2glMjBGb29kJTdDQ2hlZXNlJTdDQ2hlZGRhciUyMENoZWVzZQ==",
							"aisleName": "Cheddar Cheese",
							"shelfId": "b;RnJlc2glMjBGb29kJTdDQ2hlZXNlJTdDQ2hlZGRhciUyMENoZWVzZSU3Q01hdHVyZSUyMENoZWRkYXIlMjBDaGVlc2U=",
							"shelfName": "Mature Cheddar Cheese",
							"displayType": "Quantity",
							"productType": "SingleProduct",
							"averageWeight": 0,
							"bulkBuyLimit": 16,
							"maxQuantityAllowed": 16,
							"groupBulkBuyLimit": 0,
							"bulkBuyLimitMessage": "You are able to buy a maximum of 16 of this item.",
							"bulkBuyLimitGroupId": "G00000305",
							"timeRestrictedDelivery": null,
							"restrictedDelivery": null,
							"isInFavourites": null,
							"isNew": false,
							"isRestrictedOrderAmendment": null,
							"maxWeight": 0,
							"minWeight": 0,
							"increment": 0,
							"details": {
								"components": [
									{
										"isLowEverydayPricing": false,
										"__typename": "AdditionalInfo"
									}
								],
								"__typename": "ProductDetailsType"
							},
							"catchWeightList": null,
							"restrictions": [
								{
									"type": "ExcludedProduct",
									"isViolated": true,
									"message": "This product is unavailable",
									"__typename": "ProductRestrictionType"
								}
							],
							"reviews": {
								"stats": {
									"noOfReviews": 18,
									"overallRating": 4.9,
									"overallRatingRange": 5,
									"__typename": "ReviewStatsType"
								},
								"__typename": "ReviewsType"
							},
							"modelMetadata": null
						},
						"__typename": "CompositeResultType"
					},
					{
						"node": {
							"typename": "ProductType",
							"context": null,
							"__typename": "ProductType",
							"sellers": {
								"__typename": "ProductSellers",
								"results": [
									{
										"id": "317742973",
										"__typename": "ProductType",
										"isForSale": true,
										"status": "AvailableForSale",
										"seller": null,
										"price": {
											"price": 3.5,
											"unitPrice": 11.67,
											"unitOfMeasure": "kg",
											"actual": 3.5,
											"__typename": "PriceType"
										},
										"promotions": [
											{
												"id": "95515826",
												"promotionType": null,
												"startDate": "2025-12-03T00:00:00Z",
												"endDate": "2025-12-19T00:00:00Z",
												"description": "\u00a33.00 Clubcard Price",
												"unitSellingInfo": "\u00a310.00/kg",
												"price": {
													"beforeDiscount": null,
													"afterDiscount": 3.5,
													"__typename": "PromotionPriceType"
												},
												"attributes": [
													"CLUBCARD_PRICING"
												],
												"__typename": "PromotionType"
											}
										],
										"fulfilment": null
									}
								]
							},
							"id": "317742973",
							"tpnb": "93660021",
							"tpnc": "317742973",
							"gtin": "05063250559839",
							"adId": null,
							"baseProductId": "93660021",
							"title": "Tesco Finest West Country Farmhouse Cheddar Truckle Cheese 300g ",
							"brandName": "TESCO finest",
							"shortDescription": null,
							"defaultImageUrl": "https://digitalcontent.api.tesco.com/v2/media/ghs/9f47221a-66bc-4f51-bc69-9a3944c9271e/cd602538-7168-4120-a1b1-619b12e2c7bd_2051211182.jpeg?h=225&w=225",
							"superDepartmentId": "b;RnJlc2glMjBGb29k",
							"media": {
								"defaultImage": {
									"aspectRatio": null,
									"__typename": "ProductMediaDefaultImageType"
								},
								"__typename": "ProductMediaType"
							},
							"quantityInBasket": null,
							"superDepartmentName": "Fresh Food",
							"departmentId": "b;RnJlc2glMjBGb29kJTdDQ2hlZXNl",
							"departmentName": "Cheese",
							"aisleId": "b;RnJlc2glMjBGb29kJTdDQ2hlZXNlJTdDQ2hlZGRhciUyMENoZWVzZQ==",
							"aisleName": "Cheddar Cheese",
							"shelfId": "b;RnJlc2glMjBGb29kJTdDQ2hlZXNlJTdDQ2hlZGRhciUyMENoZWVzZSU3Q1JlZ2lvbmFsJTIwQ2hlZGRhciUyMENoZWVzZQ==",
							"shelfName": "Regional Cheddar Cheese",
							"displayType": "Quantity",
							"productType": "SingleProduct",
							"averageWeight": 0,
							"bulkBuyLimit": 99,
							"maxQuantityAllowed": 99,
							"groupBulkBuyLimit": 0,
							"bulkBuyLimitMessage": "Max allowed is 99.",
							"bulkBuyLimitGroupId": null,
							"timeRestrictedDelivery": null,
							"restrictedDelivery": null,
							"isInFavourites": null,
							"isNew": true,
							"isRestrictedOrderAmendment": null,
							"maxWeight": 0,
							"minWeight": 0,
							"increment": 0,
							"details": {
								"components": [
									{
										"isLowEverydayPricing": false,
										"__typename": "AdditionalInfo"
									}
								],
								"__typename": "ProductDetailsType"
							},
							"catchWeightList": null,
							"restrictions": [
								{
									"type": "RdgDateRange",
									"isViolated": false,
									"message": "This product is available for delivery or collection until 23/12/2025",
									"__typename": "ProductRestrictionType"
								}
							],
							"reviews": {
								"stats": {
									"noOfReviews": null,
									"overallRating": null,
									"overallRatingRange": null,
									"__typename": "ReviewStatsType"
								},
								"__typename": "ReviewsType"
							},
							"modelMetadata": null
						},
						"__typename": "CompositeResultType"
					},
					{
						"node": {
							"typename": "ProductType",
							"context": null,
							"__typename": "ProductType",
							"sellers": {
								"__typename": "ProductSellers",
								"results": [
									{
										"id": "285140426",
										"__typename": "ProductType",
										"isForSale": true,
										"status": "AvailableForSale",
										"seller": null,
										"price": {
											"price": 1.75,
											"unitPrice": 14,
											"unitOfMeasure": "kg",
											"actual": 1.75,
											"__typename": "PriceType"
										},
										"promotions": [
											{
												"id": "94686387",
												"promotionType": null,
												"startDate": "2025-11-26T00:00:00Z",
												"endDate": "2025-12-17T00:00:00Z",
												"description": "\u00a31.25 Clubcard Price",
												"unitSellingInfo": "\u00a310.00/kg",
												"price": {
													"beforeDiscount": null,
													"afterDiscount": 1.75,
													"__typename": "PromotionPriceType"
												},
												"attributes": [
													"CLUBCARD_PRICING"
												],
												"__typename": "PromotionType"
											}
										],
										"fulfilment": null
									}
								]
							},
							"id": "285140426",
							"tpnb": "53406298",
							"tpnc": "285140426",
							"gtin": "07622210317629",
							"adId": null,
							"baseProductId": "53406298",
							"title": "Dairylea Cheese Spread Triangles 8 pack 8x15.6G",
							"brandName": "dairylea",
							"shortDescription": null,
							"defaultImageUrl": "https://digitalcontent.api.tesco.com/v2/media/ghs/497e104b-32ec-4ca3-89df-6229fbb82e37/4ca2ecff-3cdc-4a4f-b14d-83a93737cacf.jpeg?h=225&w=225",
							"superDepartmentId": "b;RnJlc2glMjBGb29k",
							"media": {
								"defaultImage": {
									"aspectRatio": null,
									"__typename": "ProductMediaDefaultImageType"
								},
								"__typename": "ProductMediaType"
							},
							"quantityInBasket": null,
							"superDepartmentName": "Fresh Food",
							"departmentId": "b;RnJlc2glMjBGb29kJTdDQ2hlZXNl",
							"departmentName": "Cheese",
							"aisleId": "b;RnJlc2glMjBGb29kJTdDQ2hlZXNlJTdDQ2hlZXNlJTIwU25hY2tpbmclMjAmJTIwTHVuY2hib3g=",
							"aisleName": "Cheese Snacking & Lunchbox",
							"shelfId": "b;RnJlc2glMjBGb29kJTdDQ2hlZXNlJTdDQ2hlZXNlJTIwU25hY2tpbmclMjAmJTIwTHVuY2hib3glN0NMdW5jaGJveCUyMENoZWVzZSUyMFRyaWFuZ2xlcw==",
							"shelfName": "Lunchbox Cheese Triangles",
							"displayType": "Quantity",
							"productType": "SingleProduct",
							"averageWeight": 0,
							"bulkBuyLimit": 25,
							"maxQuantityAllowed": 25,
							"groupBulkBuyLimit": 0,
							"bulkBuyLimitMessage": "You are able to buy a maximum of 25 of this item",
							"bulkBuyLimitGroupId": "G00000216",
							"timeRestrictedDelivery": null,
							"restrictedDelivery": null,
							"isInFavourites": null,
							"isNew": false,
							"isRestrictedOrderAmendment": null,
							"maxWeight": 0,
							"minWeight": 0,
							"increment": 0,
							"details": {
								"components": [
									{
										"isLowEverydayPricing": false,
										"__typename": "AdditionalInfo"
									}
								],
								"__typename": "ProductDetailsType"
							},
							"catchWeightList": null,
							"restrictions": [],
							"reviews": {
								"stats": {
									"noOfReviews": 31,
									"overallRating": 4.7,
									"overallRatingRange": 5,
									"__typename": "ReviewStatsType"
								},
								"__typename": "ReviewsType"
							},
							"modelMetadata": null
						},
						"__typename": "CompositeResultType"
					},
					{
						"node": {
							"typename": "ProductType",
							"context": null,
							"__typename": "ProductType",
							"sellers": {
								"__typename": "ProductSellers",
								"results": [
									{
										"id": "312351579",
										"__typename": "ProductType",
										"isForSale": true,
										"status": "AvailableForSale",
										"seller": null,
										"price": {
											"price": 2.5,
											"unitPrice": 16.67,
											"unitOfMeasure": "kg",
											"actual": 2.5,
											"__typename": "PriceType"
										},
										"promotions": [
											{
												"id": "93341347",
												"promotionType": null,
												"startDate": "2025-06-27T23:00:00Z",
												"endDate": "2026-01-01T00:00:00Z",
												"description": "Any 2 for \u00a34.50 Clubcard Price - Selected Sliced And Grated Cheese",
												"unitSellingInfo": null,
												"price": null,
												"attributes": [
													"CLUBCARD_PRICING"
												],
												"__typename": "PromotionType"
											}
										],
										"fulfilment": null
									}
								]
							},
							"id": "312351579",
							"tpnb": "90985125",
							"tpnc": "312351579",
							"gtin": "05000295157422",
							"adId": null,
							"baseProductId": "90985125",
							"title": "Cathedral City Plant Based Mature Cheddar Cheese Flavour Vegan Grated 150g",
							"brandName": "CATHEDRAL CITY",
							"shortDescription": null,
							"defaultImageUrl": "https://digitalcontent.api.tesco.com/v2/media/ghs/b00acb0e-8c51-4349-bb91-191a80c820e1/be933291-b81c-4d9b-9bec-faabab20b26d_1244908148.jpeg?h=225&w=225",
							"superDepartmentId": "b;RnJlc2glMjBGb29k",
							"media": {
								"defaultImage": {
									"aspectRatio": null,
									"__typename": "ProductMediaDefaultImageType"
								},
								"__typename": "ProductMediaType"
							},
							"quantityInBasket": null,
							"superDepartmentName": "Fresh Food",
							"departmentId": "b;RnJlc2glMjBGb29kJTdDRGFpcnklMjBGcmVlJTIwJiUyMERhaXJ5JTIwQWx0ZXJuYXRpdmVz",
							"departmentName": "Dairy Free & Dairy Alternatives",
							"aisleId": "b;RnJlc2glMjBGb29kJTdDRGFpcnklMjBGcmVlJTIwJiUyMERhaXJ5JTIwQWx0ZXJuYXRpdmVzJTdDRGFpcnklMjBGcmVlJTIwQ2hlZXNlJTIwQWx0ZXJuYXRpdmVz",
							"aisleName": "Dairy Free Cheese Alternatives",
							"shelfId": "b;RnJlc2glMjBGb29kJTdDRGFpcnklMjBGcmVlJTIwJiUyMERhaXJ5JTIwQWx0ZXJuYXRpdmVzJTdDRGFpcnklMjBGcmVlJTIwQ2hlZXNlJTIwQWx0ZXJuYXRpdmVzJTdDRGFpcnklMjBGcmVlJTIwQ2hlZXNlJTIwU2xpY2VzJTIwJiUyMEdyYXRlZCUyMENoZWVzZSUyMEFsdGVybmF0aXZlcw==",
							"shelfName": "Dairy Free Cheese Slices & Grated Cheese Alternatives",
							"displayType": "Quantity",
							"productType": "SingleProduct",
							"averageWeight": 0,
							"bulkBuyLimit": 25,
							"maxQuantityAllowed": 25,
							"groupBulkBuyLimit": 0,
							"bulkBuyLimitMessage": "You are able to buy a maximum of 25 of this item",
							"bulkBuyLimitGroupId": "G00000141",
							"timeRestrictedDelivery": null,
							"restrictedDelivery": null,
							"isInFavourites": null,
							"isNew": false,
							"isRestrictedOrderAmendment": null,
							"maxWeight": 0,
							"minWeight": 0,
							"increment": 0,
							"details": {
								"components": [
									{
										"isLowEverydayPricing": false,
										"__typename": "AdditionalInfo"
									}
								],
								"__typename": "ProductDetailsType"
							},
							"catchWeightList": null,
							"restrictions": [],
							"reviews": {
								"stats": {
									"noOfReviews": 31,
									"overallRating": 4.3,
									"overallRatingRange": 5,
									"__typename": "ReviewStatsType"
								},
								"__typename": "ReviewsType"
							},
							"modelMetadata": null
						},
						"__typename": "CompositeResultType"
					},
					{
						"node": {
							"typename": "ProductType",
							"context": null,
							"__typename": "ProductType",
							"sellers": {
								"__typename": "ProductSellers",
								"results": [
									{
										"id": "273197423",
										"__typename": "ProductType",
										"isForSale": true,
										"status": "AvailableForSale",
										"seller": null,
										"price": {
											"price": 1.75,
											"unitPrice": 21.88,
											"unitOfMeasure": "kg",
											"actual": 1.75,
											"__typename": "PriceType"
										},
										"promotions": [],
										"fulfilment": null
									}
								]
							},
							"id": "273197423",
							"tpnb": "52980706",
							"tpnc": "273197423",
							"gtin": "05000187130915",
							"adId": null,
							"baseProductId": "52980706",
							"title": "Cheestrings Twisted Cheese Snacks 4 Pk, 80 G",
							"brandName": "GOLDEN VALE",
							"shortDescription": null,
							"defaultImageUrl": "https://digitalcontent.api.tesco.com/v2/media/ghs/8c629b05-763a-4344-a2a3-8bd1312d8874/ed3dad82-764f-43b5-b8f5-aff51fab24ae.jpeg?h=225&w=225",
							"superDepartmentId": "b;RnJlc2glMjBGb29k",
							"media": {
								"defaultImage": {
									"aspectRatio": null,
									"__typename": "ProductMediaDefaultImageType"
								},
								"__typename": "ProductMediaType"
							},
							"quantityInBasket": null,
							"superDepartmentName": "Fresh Food",
							"departmentId": "b;RnJlc2glMjBGb29kJTdDQ2hlZXNl",
							"departmentName": "Cheese",
							"aisleId": "b;RnJlc2glMjBGb29kJTdDQ2hlZXNlJTdDQ2hlZXNlJTIwU25hY2tpbmclMjAmJTIwTHVuY2hib3g=",
							"aisleName": "Cheese Snacking & Lunchbox",
							"shelfId": "b;RnJlc2glMjBGb29kJTdDQ2hlZXNlJTdDQ2hlZXNlJTIwU25hY2tpbmclMjAmJTIwTHVuY2hib3glN0NDaGVlc2UlMjBTbmFja2luZyUyMCYlMjBNaW5pcw==",
							"shelfName": "Cheese Snacking & Minis",
							"displayType": "Quantity",
							"productType": "SingleProduct",
							"averageWeight": 0,
							"bulkBuyLimit": 25,
							"maxQuantityAllowed": 25,
							"groupBulkBuyLimit": 0,
							"bulkBuyLimitMessage": "You are able to buy a maximum of 25 of this item",
							"bulkBuyLimitGroupId": "G00000053",
							"timeRestrictedDelivery": null,
							"restrictedDelivery": null,
							"isInFavourites": null,
							"isNew": false,
							"isRestrictedOrderAmendment": null,
							"maxWeight": 0,
							"minWeight": 0,
							"increment": 0,
							"details": {
								"components": [
									{
										"isLowEverydayPricing": false,
										"__typename": "AdditionalInfo"
									}
								],
								"__typename": "ProductDetailsType"
							},
							"catchWeightList": null,
							"restrictions": [],
							"reviews": {
								"stats": {
									"noOfReviews": 1,
									"overallRating": 5,
									"overallRatingRange": 5,
									"__typename": "ReviewStatsType"
								},
								"__typename": "ReviewsType"
							},
							"modelMetadata": null
						},
						"__typename": "CompositeResultType"
					},
					{
						"node": {
							"typename": "ProductType",
							"context": null,
							"__typename": "ProductType",
							"sellers": {
								"__typename": "ProductSellers",
								"results": [
									{
										"id": "254925467",
										"__typename": "ProductType",
										"isForSale": true,
										"status": "AvailableForSale",
										"seller": null,
										"price": {
											"price": 1.5,
											"unitPrice": 10,
											"unitOfMeasure": "kg",
											"actual": 1.5,
											"__typename": "PriceType"
										},
										"promotions": [
											{
												"id": "95548255",
												"promotionType": null,
												"startDate": "2025-12-03T00:00:00Z",
												"endDate": "2026-01-02T00:00:00Z",
												"description": "\u00a31.00 Save 1/3 Clubcard Price",
												"unitSellingInfo": "\u00a36.67/kg",
												"price": {
													"beforeDiscount": null,
													"afterDiscount": 1.5,
													"__typename": "PromotionPriceType"
												},
												"attributes": [
													"CLUBCARD_PRICING"
												],
												"__typename": "PromotionType"
											}
										],
										"fulfilment": null
									}
								]
							},
							"id": "254925467",
							"tpnb": "50069770",
							"tpnc": "254925467",
							"gtin": "00000050168101",
							"adId": null,
							"baseProductId": "50069770",
							"title": "Jacob's Baked Cheddars Cheese Crackers 150g",
							"brandName": "McVitie's",
							"shortDescription": null,
							"defaultImageUrl": "https://digitalcontent.api.tesco.com/v2/media/ghs/b3a33c18-d52a-4996-882b-15bea6b3687e/328ea64e-ed0e-4e11-90ab-2b5e1b463611_84382422.jpeg?h=225&w=225",
							"superDepartmentId": "b;Rm9vZCUyMEN1cGJvYXJk",
							"media": {
								"defaultImage": {
									"aspectRatio": null,
									"__typename": "ProductMediaDefaultImageType"
								},
								"__typename": "ProductMediaType"
							},
							"quantityInBasket": null,
							"superDepartmentName": "Food Cupboard",
							"departmentId": "b;Rm9vZCUyMEN1cGJvYXJkJTdDQ3JhY2tlcnMlMjAmJTIwQ3Jpc3BicmVhZHM=",
							"departmentName": "Crackers & Crispbreads",
							"aisleId": "b;Rm9vZCUyMEN1cGJvYXJkJTdDQ3JhY2tlcnMlMjAmJTIwQ3Jpc3BicmVhZHMlN0NCcmVhZHN0aWNrcyUyMCYlMjBUd2lzdHM=",
							"aisleName": "Breadsticks & Twists",
							"shelfId": "b;Rm9vZCUyMEN1cGJvYXJkJTdDQ3JhY2tlcnMlMjAmJTIwQ3Jpc3BicmVhZHMlN0NCcmVhZHN0aWNrcyUyMCYlMjBUd2lzdHMlN0NOaWJibGVzJTIwJiUyMEJpdGVz",
							"shelfName": "Nibbles & Bites",
							"displayType": "Quantity",
							"productType": "SingleProduct",
							"averageWeight": 0,
							"bulkBuyLimit": 25,
							"maxQuantityAllowed": 25,
							"groupBulkBuyLimit": 0,
							"bulkBuyLimitMessage": "You are able to buy a maximum of 25 of this item",
							"bulkBuyLimitGroupId": "G00000128",
							"timeRestrictedDelivery": null,
							"restrictedDelivery": null,
							"isInFavourites": null,
							"isNew": false,
							"isRestrictedOrderAmendment": null,
							"maxWeight": 0,
							"minWeight": 0,
							"increment": 0,
							"details": {
								"components": [
									{
										"isLowEverydayPricing": false,
										"__typename": "AdditionalInfo"
									}
								],
								"__typename": "ProductDetailsType"
							},
							"catchWeightList": null,
							"restrictions": [],
							"reviews": {
								"stats": {
									"noOfReviews": 69,
									"overallRating": 3.9,
									"overallRatingRange": 5,
									"__typename": "ReviewStatsType"
								},
								"__typename": "ReviewsType"
							},
							"modelMetadata": null
						},
						"__typename": "CompositeResultType"
					},
					{
						"node": {
							"typename": "ProductType",
							"context": null,
							"__typename": "ProductType",
							"sellers": {
								"__typename": "ProductSellers",
								"results": [
									{
										"id": "253780811",
										"__typename": "ProductType",
										"isForSale": true,
										"status": "AvailableForSale",
										"seller": null,
										"price": {
											"price": 2.45,
											"unitPrice": 20.42,
											"unitOfMeasure": "kg",
											"actual": 2.45,
											"__typename": "PriceType"
										},
										"promotions": [],
										"fulfilment": null
									}
								]
							},
							"id": "253780811",
							"tpnb": "51601248",
							"tpnc": "253780811",
							"gtin": "03073780828642",
							"adId": null,
							"baseProductId": "51601248",
							"title": "Mini Babybel Light Cheese 6 Pack, 120 G",
							"brandName": "BABYBEL",
							"shortDescription": null,
							"defaultImageUrl": "https://digitalcontent.api.tesco.com/v2/media/ghs/edef26cd-15dc-4fbc-86e7-ed2a617d4f80/f4eb43ee-5fd3-4745-92c3-980f5ee0f293.jpeg?h=225&w=225",
							"superDepartmentId": "b;RnJlc2glMjBGb29k",
							"media": {
								"defaultImage": {
									"aspectRatio": null,
									"__typename": "ProductMediaDefaultImageType"
								},
								"__typename": "ProductMediaType"
							},
							"quantityInBasket": null,
							"superDepartmentName": "Fresh Food",
							"departmentId": "b;RnJlc2glMjBGb29kJTdDQ2hlZXNl",
							"departmentName": "Cheese",
							"aisleId": "b;RnJlc2glMjBGb29kJTdDQ2hlZXNlJTdDQ2hlZXNlJTIwU25hY2tpbmclMjAmJTIwTHVuY2hib3g=",
							"aisleName": "Cheese Snacking & Lunchbox",
							"shelfId": "b;RnJlc2glMjBGb29kJTdDQ2hlZXNlJTdDQ2hlZXNlJTIwU25hY2tpbmclMjAmJTIwTHVuY2hib3glN0NDaGVlc2UlMjBTbmFja2luZyUyMCYlMjBNaW5pcw==",
							"shelfName": "Cheese Snacking & Minis",
							"displayType": "Quantity",
							"productType": "SingleProduct",
							"averageWeight": 0,
							"bulkBuyLimit": 4,
							"maxQuantityAllowed": 4,
							"groupBulkBuyLimit": 4,
							"bulkBuyLimitMessage": "You are able to order a maximum of 4 for this group of products",
							"bulkBuyLimitGroupId": "G00002598",
							"timeRestrictedDelivery": null,
							"restrictedDelivery": null,
							"isInFavourites": null,
							"isNew": false,
							"isRestrictedOrderAmendment": null,
							"maxWeight": 0,
							"minWeight": 0,
							"increment": 0,
							"details": {
								"components": [
									{
										"isLowEverydayPricing": false,
										"__typename": "AdditionalInfo"
									}
								],
								"__typename": "ProductDetailsType"
							},
							"catchWeightList": null,
							"restrictions": [],
							"reviews": {
								"stats": {
									"noOfReviews": 49,
									"overallRating": 4.7,
									"overallRatingRange": 5,
									"__typename": "ReviewStatsType"
								},
								"__typename": "ReviewsType"
							},
							"modelMetadata": null
						},
						"__typename": "CompositeResultType"
					},
					{
						"node": {
							"typename": "ProductType",
							"context": null,
							"__typename": "ProductType",
							"sellers": {
								"__typename": "ProductSellers",
								"results": [
									{
										"id": "310187258",
										"__typename": "ProductType",
										"isForSale": true,
										"status": "AvailableForSale",
										"seller": null,
										"price": {
											"price": 2,
											"unitPrice": 14.29,
											"unitOfMeasure": "kg",
											"actual": 2,
											"__typename": "PriceType"
										},
										"promotions": [
											{
												"id": "96153793",
												"promotionType": null,
												"startDate": "2025-11-26T00:00:00Z",
												"endDate": "2025-12-19T00:00:00Z",
												"description": "\u00a31.35 Clubcard Price",
												"unitSellingInfo": "\u00a39.64/kg",
												"price": {
													"beforeDiscount": null,
													"afterDiscount": 2,
													"__typename": "PromotionPriceType"
												},
												"attributes": [
													"CLUBCARD_PRICING"
												],
												"__typename": "PromotionType"
											}
										],
										"fulfilment": null
									}
								]
							},
							"id": "310187258",
							"tpnb": "89944227",
							"tpnc": "310187258",
							"gtin": "05016049086047",
							"adId": null,
							"baseProductId": "89944227",
							"title": "Primula Original Cheese Tube 140G",
							"brandName": "PRIMULA",
							"shortDescription": null,
							"defaultImageUrl": "https://digitalcontent.api.tesco.com/v2/media/ghs/45899a18-bd7c-4358-83a4-5b16068102e0/673ca1b0-ebb9-476a-9737-f2545343d00b_596450444.jpeg?h=225&w=225",
							"superDepartmentId": "b;RnJlc2glMjBGb29k",
							"media": {
								"defaultImage": {
									"aspectRatio": null,
									"__typename": "ProductMediaDefaultImageType"
								},
								"__typename": "ProductMediaType"
							},
							"quantityInBasket": null,
							"superDepartmentName": "Fresh Food",
							"departmentId": "b;RnJlc2glMjBGb29kJTdDQ2hlZXNl",
							"departmentName": "Cheese",
							"aisleId": "b;RnJlc2glMjBGb29kJTdDQ2hlZXNlJTdDU29mdCUyMCYlMjBTcHJlYWRhYmxlJTIwQ2hlZXNl",
							"aisleName": "Soft & Spreadable Cheese",
							"shelfId": "b;RnJlc2glMjBGb29kJTdDQ2hlZXNlJTdDU29mdCUyMCYlMjBTcHJlYWRhYmxlJTIwQ2hlZXNlJTdDU29mdCUyMENoZWVzZSUyMCYlMjBDcmVhbSUyMENoZWVzZQ==",
							"shelfName": "Soft Cheese & Cream Cheese",
							"displayType": "Quantity",
							"productType": "SingleProduct",
							"averageWeight": 0,
							"bulkBuyLimit": 99,
							"maxQuantityAllowed": 99,
							"groupBulkBuyLimit": 0,
							"bulkBuyLimitMessage": "Max allowed is 99.",
							"bulkBuyLimitGroupId": null,
							"timeRestrictedDelivery": null,
							"restrictedDelivery": null,
							"isInFavourites": null,
							"isNew": false,
							"isRestrictedOrderAmendment": null,
							"maxWeight": 0,
							"minWeight": 0,
							"increment": 0,
							"details": {
								"components": [
									{
										"isLowEverydayPricing": false,
										"__typename": "AdditionalInfo"
									}
								],
								"__typename": "ProductDetailsType"
							},
							"catchWeightList": null,
							"restrictions": [],
							"reviews": {
								"stats": {
									"noOfReviews": 46,
									"overallRating": 4.7,
									"overallRatingRange": 5,
									"__typename": "ReviewStatsType"
								},
								"__typename": "ReviewsType"
							},
							"modelMetadata": null
						},
						"__typename": "CompositeResultType"
					},
					{
						"node": {
							"typename": "ProductType",
							"context": null,
							"__typename": "ProductType",
							"sellers": {
								"__typename": "ProductSellers",
								"results": [
									{
										"id": "277248375",
										"__typename": "ProductType",
										"isForSale": true,
										"status": "AvailableForSale",
										"seller": null,
										"price": {
											"price": 4.5,
											"unitPrice": 25.71,
											"unitOfMeasure": "kg",
											"actual": 4.5,
											"__typename": "PriceType"
										},
										"promotions": [
											{
												"id": "96463942",
												"promotionType": null,
												"startDate": "2025-12-03T00:00:00Z",
												"endDate": "2025-12-26T00:00:00Z",
												"description": "Any 4 for \u00a312 Clubcard Price - Selected Tesco Finest* Cheese 150g - 215g",
												"unitSellingInfo": null,
												"price": null,
												"attributes": [
													"CLUBCARD_PRICING"
												],
												"__typename": "PromotionType"
											}
										],
										"fulfilment": null
									}
								]
							},
							"id": "277248375",
							"tpnb": "73573195",
							"tpnc": "277248375",
							"gtin": "05052910900708",
							"adId": null,
							"baseProductId": "73573195",
							"title": "Tesco Finest Manchego Cheese 175 G",
							"brandName": "TESCO finest",
							"shortDescription": null,
							"defaultImageUrl": "https://digitalcontent.api.tesco.com/v2/media/ghs/acc4c002-b934-477e-a8f2-7f7eec0ac05c/7f902fc7-c841-451d-8611-3f7e85283371.jpeg?h=225&w=225",
							"superDepartmentId": "b;RnJlc2glMjBGb29k",
							"media": {
								"defaultImage": {
									"aspectRatio": null,
									"__typename": "ProductMediaDefaultImageType"
								},
								"__typename": "ProductMediaType"
							},
							"quantityInBasket": null,
							"superDepartmentName": "Fresh Food",
							"departmentId": "b;RnJlc2glMjBGb29kJTdDQ2hlZXNl",
							"departmentName": "Cheese",
							"aisleId": "b;RnJlc2glMjBGb29kJTdDQ2hlZXNlJTdDU3BlY2lhbHR5JTIwJiUyMENvbnRpbmVudGFsJTIwQ2hlZXNl",
							"aisleName": "Specialty & Continental Cheese",
							"shelfId": "b;RnJlc2glMjBGb29kJTdDQ2hlZXNlJTdDU3BlY2lhbHR5JTIwJiUyMENvbnRpbmVudGFsJTIwQ2hlZXNlJTdDSGFyZCUyMENvbnRpbmVudGFsJTIwQ2hlZXNl",
							"shelfName": "Hard Continental Cheese",
							"displayType": "Quantity",
							"productType": "SingleProduct",
							"averageWeight": 0,
							"bulkBuyLimit": 25,
							"maxQuantityAllowed": 25,
							"groupBulkBuyLimit": 0,
							"bulkBuyLimitMessage": "You are able to buy a maximum of 25 of this item",
							"bulkBuyLimitGroupId": "G00000216",
							"timeRestrictedDelivery": null,
							"restrictedDelivery": null,
							"isInFavourites": null,
							"isNew": false,
							"isRestrictedOrderAmendment": null,
							"maxWeight": 0,
							"minWeight": 0,
							"increment": 0,
							"details": {
								"components": [
									{
										"isLowEverydayPricing": false,
										"__typename": "AdditionalInfo"
									}
								],
								"__typename": "ProductDetailsType"
							},
							"catchWeightList": null,
							"restrictions": [],
							"reviews": {
								"stats": {
									"noOfReviews": 47,
									"overallRating": 4.7,
									"overallRatingRange": 5,
									"__typename": "ReviewStatsType"
								},
								"__typename": "ReviewsType"
							},
							"modelMetadata": null
						},
						"__typename": "CompositeResultType"
					},
					{
						"node": {
							"typename": "ProductType",
							"context": null,
							"__typename": "ProductType",
							"sellers": {
								"__typename": "ProductSellers",
								"results": [
									{
										"id": "311786803",
										"__typename": "ProductType",
										"isForSale": true,
										"status": "AvailableForSale",
										"seller": null,
										"price": {
											"price": 2.25,
											"unitPrice": 13.64,
											"unitOfMeasure": "kg",
											"actual": 2.25,
											"__typename": "PriceType"
										},
										"promotions": [],
										"fulfilment": null
									}
								]
							},
							"id": "311786803",
							"tpnb": "90509921",
							"tpnc": "311786803",
							"gtin": "07622201693954",
							"adId": null,
							"baseProductId": "90509921",
							"title": "Philadelphia Light Low Fat Soft Cream Cheese 165G",
							"brandName": "PHILADELPHIA",
							"shortDescription": null,
							"defaultImageUrl": "https://digitalcontent.api.tesco.com/v2/media/ghs/7f672aaa-b39f-442c-aaf2-191943324563/2e1485f7-15e6-4626-9894-3444e5435323_633065598.jpeg?h=225&w=225",
							"superDepartmentId": "b;RnJlc2glMjBGb29k",
							"media": {
								"defaultImage": {
									"aspectRatio": null,
									"__typename": "ProductMediaDefaultImageType"
								},
								"__typename": "ProductMediaType"
							},
							"quantityInBasket": null,
							"superDepartmentName": "Fresh Food",
							"departmentId": "b;RnJlc2glMjBGb29kJTdDQ2hlZXNl",
							"departmentName": "Cheese",
							"aisleId": "b;RnJlc2glMjBGb29kJTdDQ2hlZXNlJTdDU29mdCUyMCYlMjBTcHJlYWRhYmxlJTIwQ2hlZXNl",
							"aisleName": "Soft & Spreadable Cheese",
							"shelfId": "b;RnJlc2glMjBGb29kJTdDQ2hlZXNlJTdDU29mdCUyMCYlMjBTcHJlYWRhYmxlJTIwQ2hlZXNlJTdDU29mdCUyMENoZWVzZSUyMCYlMjBDcmVhbSUyMENoZWVzZQ==",
							"shelfName": "Soft Cheese & Cream Cheese",
							"displayType": "Quantity",
							"productType": "SingleProduct",
							"averageWeight": 0,
							"bulkBuyLimit": 99,
							"maxQuantityAllowed": 99,
							"groupBulkBuyLimit": 0,
							"bulkBuyLimitMessage": "Max allowed is 99.",
							"bulkBuyLimitGroupId": null,
							"timeRestrictedDelivery": null,
							"restrictedDelivery": null,
							"isInFavourites": null,
							"isNew": false,
							"isRestrictedOrderAmendment": null,
							"maxWeight": 0,
							"minWeight": 0,
							"increment": 0,
							"details": {
								"components": [
									{
										"isLowEverydayPricing": false,
										"__typename": "AdditionalInfo"
									}
								],
								"__typename": "ProductDetailsType"
							},
							"catchWeightList": null,
							"restrictions": [],
							"reviews": {
								"stats": {
									"noOfReviews": 87,
									"overallRating": 4.6,
									"overallRatingRange": 5,
									"__typename": "ReviewStatsType"
								},
								"__typename": "ReviewsType"
							},
							"modelMetadata": null
						},
						"__typename": "CompositeResultType"
					},
					{
						"node": {
							"typename": "ProductType",
							"context": null,
							"__typename": "ProductType",
							"sellers": {
								"__typename": "ProductSellers",
								"results": [
									{
										"id": "283788008",
										"__typename": "ProductType",
										"isForSale": true,
										"status": "AvailableForSale",
										"seller": null,
										"price": {
											"price": 2.5,
											"unitPrice": 12.5,
											"unitOfMeasure": "kg",
											"actual": 2.5,
											"__typename": "PriceType"
										},
										"promotions": [],
										"fulfilment": null
									}
								]
							},
							"id": "283788008",
							"tpnb": "76741896",
							"tpnc": "283788008",
							"gtin": "05000246726011",
							"adId": null,
							"baseProductId": "76741896",
							"title": "Arla LactoFREE Mature Cheddar Cheese 200g",
							"brandName": "LACTOFREE",
							"shortDescription": null,
							"defaultImageUrl": "https://digitalcontent.api.tesco.com/v2/media/ghs/0b352a78-d383-4bce-b91e-482742e0fb41/4cfa5e53-7133-41bb-8840-d55a8d62d708.jpeg?h=225&w=225",
							"superDepartmentId": "b;RnJlc2glMjBGb29k",
							"media": {
								"defaultImage": {
									"aspectRatio": null,
									"__typename": "ProductMediaDefaultImageType"
								},
								"__typename": "ProductMediaType"
							},
							"quantityInBasket": null,
							"superDepartmentName": "Fresh Food",
							"departmentId": "b;RnJlc2glMjBGb29kJTdDRGFpcnklMjBGcmVlJTIwJiUyMERhaXJ5JTIwQWx0ZXJuYXRpdmVz",
							"departmentName": "Dairy Free & Dairy Alternatives",
							"aisleId": "b;RnJlc2glMjBGb29kJTdDRGFpcnklMjBGcmVlJTIwJiUyMERhaXJ5JTIwQWx0ZXJuYXRpdmVzJTdDTGFjdG9zZSUyMEZyZWUlMjBEYWlyeQ==",
							"aisleName": "Lactose Free Dairy",
							"shelfId": "b;RnJlc2glMjBGb29kJTdDRGFpcnklMjBGcmVlJTIwJiUyMERhaXJ5JTIwQWx0ZXJuYXRpdmVzJTdDTGFjdG9zZSUyMEZyZWUlMjBEYWlyeSU3Q0xhY3Rvc2UlMjBGcmVlJTIwRGFpcnk=",
							"shelfName": "Lactose Free Dairy",
							"displayType": "Quantity",
							"productType": "SingleProduct",
							"averageWeight": 0,
							"bulkBuyLimit": 25,
							"maxQuantityAllowed": 25,
							"groupBulkBuyLimit": 0,
							"bulkBuyLimitMessage": "You are able to buy a maximum of 25 of this item",
							"bulkBuyLimitGroupId": "G00000053",
							"timeRestrictedDelivery": null,
							"restrictedDelivery": null,
							"isInFavourites": null,
							"isNew": false,
							"isRestrictedOrderAmendment": null,
							"maxWeight": 0,
							"minWeight": 0,
							"increment": 0,
							"details": {
								"components": [
									{
										"isLowEverydayPricing": true,
										"__typename": "AdditionalInfo"
									}
								],
								"__typename": "ProductDetailsType"
							},
							"catchWeightList": null,
							"restrictions": [],
							"reviews": {
								"stats": {
									"noOfReviews": 74,
									"overallRating": 4.6,
									"overallRatingRange": 5,
									"__typename": "ReviewStatsType"
								},
								"__typename": "ReviewsType"
							},
							"modelMetadata": null
						},
						"__typename": "CompositeResultType"
					},
					{
						"node": {
							"typename": "ProductType",
							"context": null,
							"__typename": "ProductType",
							"sellers": {
								"__typename": "ProductSellers",
								"results": [
									{
										"id": "321545705",
										"__typename": "ProductType",
										"isForSale": true,
										"status": "AvailableForSale",
										"seller": null,
										"price": {
											"price": 2.75,
											"unitPrice": 18.33,
											"unitOfMeasure": "kg",
											"actual": 2.75,
											"__typename": "PriceType"
										},
										"promotions": [],
										"fulfilment": null
									}
								]
							},
							"id": "321545705",
							"tpnb": "96435128",
							"tpnc": "321545705",
							"gtin": "05014442031411",
							"adId": null,
							"baseProductId": "96435128",
							"title": "Ilchester Family Favourites Cheese Selection 150g",
							"brandName": "ILCHESTER",
							"shortDescription": null,
							"defaultImageUrl": "https://digitalcontent.api.tesco.com/v2/media/ghs/0cf79c16-607a-4156-971a-9cec2c0171b1/89335282-1aec-4765-bc48-2834fa5b3e89_1581223930.jpeg?h=225&w=225",
							"superDepartmentId": "b;RnJlc2glMjBGb29k",
							"media": {
								"defaultImage": {
									"aspectRatio": null,
									"__typename": "ProductMediaDefaultImageType"
								},
								"__typename": "ProductMediaType"
							},
							"quantityInBasket": null,
							"superDepartmentName": "Fresh Food",
							"departmentId": "b;RnJlc2glMjBGb29kJTdDQ2hlZXNl",
							"departmentName": "Cheese",
							"aisleId": "b;RnJlc2glMjBGb29kJTdDQ2hlZXNlJTdDQ2hlZXNlJTIwU25hY2tpbmclMjAmJTIwTHVuY2hib3g=",
							"aisleName": "Cheese Snacking & Lunchbox",
							"shelfId": "b;RnJlc2glMjBGb29kJTdDQ2hlZXNlJTdDQ2hlZXNlJTIwU25hY2tpbmclMjAmJTIwTHVuY2hib3glN0NDaGVlc2UlMjBTbmFja2luZyUyMCYlMjBNaW5pcw==",
							"shelfName": "Cheese Snacking & Minis",
							"displayType": "Quantity",
							"productType": "SingleProduct",
							"averageWeight": 0,
							"bulkBuyLimit": 99,
							"maxQuantityAllowed": 99,
							"groupBulkBuyLimit": 0,
							"bulkBuyLimitMessage": "Max allowed is 99.",
							"bulkBuyLimitGroupId": null,
							"timeRestrictedDelivery": null,
							"restrictedDelivery": null,
							"isInFavourites": null,
							"isNew": false,
							"isRestrictedOrderAmendment": null,
							"maxWeight": 0,
							"minWeight": 0,
							"increment": 0,
							"details": {
								"components": [
									{
										"isLowEverydayPricing": false,
										"__typename": "AdditionalInfo"
									}
								],
								"__typename": "ProductDetailsType"
							},
							"catchWeightList": null,
							"restrictions": [],
							"reviews": {
								"stats": {
									"noOfReviews": null,
									"overallRating": null,
									"overallRatingRange": null,
									"__typename": "ReviewStatsType"
								},
								"__typename": "ReviewsType"
							},
							"modelMetadata": null
						},
						"__typename": "CompositeResultType"
					},
					{
						"node": {
							"typename": "ProductType",
							"context": null,
							"__typename": "ProductType",
							"sellers": {
								"__typename": "ProductSellers",
								"results": [
									{
										"id": "311794004",
										"__typename": "ProductType",
										"isForSale": true,
										"status": "AvailableForSale",
										"seller": null,
										"price": {
											"price": 2.25,
											"unitPrice": 13.64,
											"unitOfMeasure": "kg",
											"actual": 2.25,
											"__typename": "PriceType"
										},
										"promotions": [
											{
												"id": "96583829",
												"promotionType": null,
												"startDate": "2025-12-13T00:00:00Z",
												"endDate": "2026-01-04T00:00:00Z",
												"description": "\u00a31.35 Clubcard Price",
												"unitSellingInfo": "\u00a38.18/kg",
												"price": {
													"beforeDiscount": null,
													"afterDiscount": 2.25,
													"__typename": "PromotionPriceType"
												},
												"attributes": [
													"CLUBCARD_PRICING"
												],
												"__typename": "PromotionType"
											}
										],
										"fulfilment": null
									}
								]
							},
							"id": "311794004",
							"tpnb": "90725964",
							"tpnc": "311794004",
							"gtin": "07622201694777",
							"adId": null,
							"baseProductId": "90725964",
							"title": "Philadelphia Garlic & Herbs Soft Cream Cheese 165G",
							"brandName": "PHILADELPHIA",
							"shortDescription": null,
							"defaultImageUrl": "https://digitalcontent.api.tesco.com/v2/media/ghs/327a0067-d8e9-4d15-b955-ee4e8a756644/7a5dbab5-774b-4f35-a51c-eba42f1c5ba4_5367389.jpeg?h=225&w=225",
							"superDepartmentId": "b;RnJlc2glMjBGb29k",
							"media": {
								"defaultImage": {
									"aspectRatio": null,
									"__typename": "ProductMediaDefaultImageType"
								},
								"__typename": "ProductMediaType"
							},
							"quantityInBasket": null,
							"superDepartmentName": "Fresh Food",
							"departmentId": "b;RnJlc2glMjBGb29kJTdDQ2hlZXNl",
							"departmentName": "Cheese",
							"aisleId": "b;RnJlc2glMjBGb29kJTdDQ2hlZXNlJTdDU29mdCUyMCYlMjBTcHJlYWRhYmxlJTIwQ2hlZXNl",
							"aisleName": "Soft & Spreadable Cheese",
							"shelfId": "b;RnJlc2glMjBGb29kJTdDQ2hlZXNlJTdDU29mdCUyMCYlMjBTcHJlYWRhYmxlJTIwQ2hlZXNlJTdDU29mdCUyMENoZWVzZSUyMCYlMjBDcmVhbSUyMENoZWVzZQ==",
							"shelfName": "Soft Cheese & Cream Cheese",
							"displayType": "Quantity",
							"productType": "SingleProduct",
							"averageWeight": 0,
							"bulkBuyLimit": 99,
							"maxQuantityAllowed": 99,
							"groupBulkBuyLimit": 0,
							"bulkBuyLimitMessage": "Max allowed is 99.",
							"bulkBuyLimitGroupId": null,
							"timeRestrictedDelivery": null,
							"restrictedDelivery": null,
							"isInFavourites": null,
							"isNew": false,
							"isRestrictedOrderAmendment": null,
							"maxWeight": 0,
							"minWeight": 0,
							"increment": 0,
							"details": {
								"components": [
									{
										"isLowEverydayPricing": false,
										"__typename": "AdditionalInfo"
									}
								],
								"__typename": "ProductDetailsType"
							},
							"catchWeightList": null,
							"restrictions": [],
							"reviews": {
								"stats": {
									"noOfReviews": 48,
									"overallRating": 4.5,
									"overallRatingRange": 5,
									"__typename": "ReviewStatsType"
								},
								"__typename": "ReviewsType"
							},
							"modelMetadata": null
						},
						"__typename": "CompositeResultType"
					},
					{
						"node": {
							"typename": "ProductType",
							"context": null,
							"__typename": "ProductType",
							"sellers": {
								"__typename": "ProductSellers",
								"results": [
									{
										"id": "268900953",
										"__typename": "ProductType",
										"isForSale": true,
										"status": "AvailableForSale",
										"seller": null,
										"price": {
											"price": 4.2,
											"unitPrice": 12,
											"unitOfMeasure": "kg",
											"actual": 4.2,
											"__typename": "PriceType"
										},
										"promotions": [
											{
												"id": "96122232",
												"promotionType": null,
												"startDate": "2025-11-26T00:00:00Z",
												"endDate": "2025-12-19T00:00:00Z",
												"description": "\u00a33.00 Clubcard Price",
												"unitSellingInfo": "\u00a38.57/kg",
												"price": {
													"beforeDiscount": null,
													"afterDiscount": 4.2,
													"__typename": "PromotionPriceType"
												},
												"attributes": [
													"CLUBCARD_PRICING"
												],
												"__typename": "PromotionType"
											}
										],
										"fulfilment": null
									}
								]
							},
							"id": "268900953",
							"tpnb": "57608911",
							"tpnc": "268900953",
							"gtin": "05000165035607",
							"adId": null,
							"baseProductId": "57608911",
							"title": "Pilgrims Choice Mature Cheddar Cheese 350 G",
							"brandName": "PILGRIMS CHOICE",
							"shortDescription": null,
							"defaultImageUrl": "https://digitalcontent.api.tesco.com/v2/media/ghs/4c004b80-80ec-44a7-a0e5-a8ac0edd3989/205e9970-b4cc-4148-b994-726b67384b19_1867207158.jpeg?h=225&w=225",
							"superDepartmentId": "b;RnJlc2glMjBGb29k",
							"media": {
								"defaultImage": {
									"aspectRatio": null,
									"__typename": "ProductMediaDefaultImageType"
								},
								"__typename": "ProductMediaType"
							},
							"quantityInBasket": null,
							"superDepartmentName": "Fresh Food",
							"departmentId": "b;RnJlc2glMjBGb29kJTdDQ2hlZXNl",
							"departmentName": "Cheese",
							"aisleId": "b;RnJlc2glMjBGb29kJTdDQ2hlZXNlJTdDQ2hlZGRhciUyMENoZWVzZQ==",
							"aisleName": "Cheddar Cheese",
							"shelfId": "b;RnJlc2glMjBGb29kJTdDQ2hlZXNlJTdDQ2hlZGRhciUyMENoZWVzZSU3Q01hdHVyZSUyMENoZWRkYXIlMjBDaGVlc2U=",
							"shelfName": "Mature Cheddar Cheese",
							"displayType": "Quantity",
							"productType": "SingleProduct",
							"averageWeight": 0,
							"bulkBuyLimit": 25,
							"maxQuantityAllowed": 25,
							"groupBulkBuyLimit": 0,
							"bulkBuyLimitMessage": "You are able to buy a maximum of 25 of this item",
							"bulkBuyLimitGroupId": "G00000216",
							"timeRestrictedDelivery": null,
							"restrictedDelivery": null,
							"isInFavourites": null,
							"isNew": false,
							"isRestrictedOrderAmendment": null,
							"maxWeight": 0,
							"minWeight": 0,
							"increment": 0,
							"details": {
								"components": [
									{
										"isLowEverydayPricing": false,
										"__typename": "AdditionalInfo"
									}
								],
								"__typename": "ProductDetailsType"
							},
							"catchWeightList": null,
							"restrictions": [],
							"reviews": {
								"stats": {
									"noOfReviews": 27,
									"overallRating": 1.9,
									"overallRatingRange": 5,
									"__typename": "ReviewStatsType"
								},
								"__typename": "ReviewsType"
							},
							"modelMetadata": null
						},
						"__typename": "CompositeResultType"
					},
					{
						"node": {
							"typename": "ProductType",
							"context": null,
							"__typename": "ProductType",
							"sellers": {
								"__typename": "ProductSellers",
								"results": [
									{
										"id": "317052188",
										"__typename": "ProductType",
										"isForSale": true,
										"status": "AvailableForSale",
										"seller": null,
										"price": {
											"price": 2.25,
											"unitPrice": 18.29,
											"unitOfMeasure": "kg",
											"actual": 2.25,
											"__typename": "PriceType"
										},
										"promotions": [],
										"fulfilment": null
									}
								]
							},
							"id": "317052188",
							"tpnb": "93419280",
							"tpnc": "317052188",
							"gtin": "07622202225192",
							"adId": null,
							"baseProductId": "93419280",
							"title": "Dairylea Dunkers Jumbo Tubes Cheese Snacks 3x41g",
							"brandName": "dairylea",
							"shortDescription": null,
							"defaultImageUrl": "https://digitalcontent.api.tesco.com/v2/media/ghs/621a762f-c178-4a90-9e1f-ec42ebdf42fd/16a15974-88f5-4d7d-a6f1-c6976186954f_197156503.jpeg?h=225&w=225",
							"superDepartmentId": "b;RnJlc2glMjBGb29k",
							"media": {
								"defaultImage": {
									"aspectRatio": null,
									"__typename": "ProductMediaDefaultImageType"
								},
								"__typename": "ProductMediaType"
							},
							"quantityInBasket": null,
							"superDepartmentName": "Fresh Food",
							"departmentId": "b;RnJlc2glMjBGb29kJTdDQ2hlZXNl",
							"departmentName": "Cheese",
							"aisleId": "b;RnJlc2glMjBGb29kJTdDQ2hlZXNlJTdDQ2hlZXNlJTIwU25hY2tpbmclMjAmJTIwTHVuY2hib3g=",
							"aisleName": "Cheese Snacking & Lunchbox",
							"shelfId": "b;RnJlc2glMjBGb29kJTdDQ2hlZXNlJTdDQ2hlZXNlJTIwU25hY2tpbmclMjAmJTIwTHVuY2hib3glN0NMdW5jaGJveCUyMENoZWVzZSUyMERpcHBlcnM=",
							"shelfName": "Lunchbox Cheese Dippers",
							"displayType": "Quantity",
							"productType": "SingleProduct",
							"averageWeight": 0,
							"bulkBuyLimit": 99,
							"maxQuantityAllowed": 99,
							"groupBulkBuyLimit": 0,
							"bulkBuyLimitMessage": "Max allowed is 99.",
							"bulkBuyLimitGroupId": null,
							"timeRestrictedDelivery": null,
							"restrictedDelivery": null,
							"isInFavourites": null,
							"isNew": false,
							"isRestrictedOrderAmendment": null,
							"maxWeight": 0,
							"minWeight": 0,
							"increment": 0,
							"details": {
								"components": [
									{
										"isLowEverydayPricing": false,
										"__typename": "AdditionalInfo"
									}
								],
								"__typename": "ProductDetailsType"
							},
							"catchWeightList": null,
							"restrictions": [],
							"reviews": {
								"stats": {
									"noOfReviews": 53,
									"overallRating": 4.3,
									"overallRatingRange": 5,
									"__typename": "ReviewStatsType"
								},
								"__typename": "ReviewsType"
							},
							"modelMetadata": null
						},
						"__typename": "CompositeResultType"
					},
					{
						"node": {
							"typename": "ProductType",
							"context": null,
							"__typename": "ProductType",
							"sellers": {
								"__typename": "ProductSellers",
								"results": [
									{
										"id": "316445612",
										"__typename": "ProductType",
										"isForSale": true,
										"status": "AvailableForSale",
										"seller": null,
										"price": {
											"price": 2.25,
											"unitPrice": 12.86,
											"unitOfMeasure": "kg",
											"actual": 2.25,
											"__typename": "PriceType"
										},
										"promotions": [],
										"fulfilment": null
									}
								]
							},
							"id": "316445612",
							"tpnb": "93040421",
							"tpnc": "316445612",
							"gtin": "05202390031007",
							"adId": null,
							"baseProductId": "93040421",
							"title": "Violife Original Grated Vegan Cheese Alternative 175g",
							"brandName": "VIOLIFE",
							"shortDescription": null,
							"defaultImageUrl": "https://digitalcontent.api.tesco.com/v2/media/ghs/10b279c9-87b4-48c4-9c5b-796691e482c2/feb5bebd-e1a1-48c1-a603-3d167e61850c_994663304.jpeg?h=225&w=225",
							"superDepartmentId": "b;RnJlc2glMjBGb29k",
							"media": {
								"defaultImage": {
									"aspectRatio": null,
									"__typename": "ProductMediaDefaultImageType"
								},
								"__typename": "ProductMediaType"
							},
							"quantityInBasket": null,
							"superDepartmentName": "Fresh Food",
							"departmentId": "b;RnJlc2glMjBGb29kJTdDRGFpcnklMjBGcmVlJTIwJiUyMERhaXJ5JTIwQWx0ZXJuYXRpdmVz",
							"departmentName": "Dairy Free & Dairy Alternatives",
							"aisleId": "b;RnJlc2glMjBGb29kJTdDRGFpcnklMjBGcmVlJTIwJiUyMERhaXJ5JTIwQWx0ZXJuYXRpdmVzJTdDRGFpcnklMjBGcmVlJTIwQ2hlZXNlJTIwQWx0ZXJuYXRpdmVz",
							"aisleName": "Dairy Free Cheese Alternatives",
							"shelfId": "b;RnJlc2glMjBGb29kJTdDRGFpcnklMjBGcmVlJTIwJiUyMERhaXJ5JTIwQWx0ZXJuYXRpdmVzJTdDRGFpcnklMjBGcmVlJTIwQ2hlZXNlJTIwQWx0ZXJuYXRpdmVzJTdDRGFpcnklMjBGcmVlJTIwQ2hlZXNlJTIwU2xpY2VzJTIwJiUyMEdyYXRlZCUyMENoZWVzZSUyMEFsdGVybmF0aXZlcw==",
							"shelfName": "Dairy Free Cheese Slices & Grated Cheese Alternatives",
							"displayType": "Quantity",
							"productType": "SingleProduct",
							"averageWeight": 0,
							"bulkBuyLimit": 99,
							"maxQuantityAllowed": 99,
							"groupBulkBuyLimit": 0,
							"bulkBuyLimitMessage": "Max allowed is 99.",
							"bulkBuyLimitGroupId": null,
							"timeRestrictedDelivery": null,
							"restrictedDelivery": null,
							"isInFavourites": null,
							"isNew": false,
							"isRestrictedOrderAmendment": null,
							"maxWeight": 0,
							"minWeight": 0,
							"increment": 0,
							"details": {
								"components": [
									{
										"isLowEverydayPricing": true,
										"__typename": "AdditionalInfo"
									}
								],
								"__typename": "ProductDetailsType"
							},
							"catchWeightList": null,
							"restrictions": [],
							"reviews": {
								"stats": {
									"noOfReviews": 93,
									"overallRating": 3.9,
									"overallRatingRange": 5,
									"__typename": "ReviewStatsType"
								},
								"__typename": "ReviewsType"
							},
							"modelMetadata": null
						},
						"__typename": "CompositeResultType"
					},
					{
						"node": {
							"typename": "ProductType",
							"context": null,
							"__typename": "ProductType",
							"sellers": {
								"__typename": "ProductSellers",
								"results": [
									{
										"id": "310169171",
										"__typename": "ProductType",
										"isForSale": true,
										"status": "AvailableForSale",
										"seller": null,
										"price": {
											"price": 2,
											"unitPrice": 14.29,
											"unitOfMeasure": "kg",
											"actual": 2,
											"__typename": "PriceType"
										},
										"promotions": [
											{
												"id": "96153795",
												"promotionType": null,
												"startDate": "2025-11-26T00:00:00Z",
												"endDate": "2025-12-19T00:00:00Z",
												"description": "\u00a31.35 Clubcard Price",
												"unitSellingInfo": "\u00a39.64/kg",
												"price": {
													"beforeDiscount": null,
													"afterDiscount": 2,
													"__typename": "PromotionPriceType"
												},
												"attributes": [
													"CLUBCARD_PRICING"
												],
												"__typename": "PromotionType"
											}
										],
										"fulfilment": null
									}
								]
							},
							"id": "310169171",
							"tpnb": "89982210",
							"tpnc": "310169171",
							"gtin": "05016049086221",
							"adId": null,
							"baseProductId": "89982210",
							"title": "Primula Cheese & Chive Tube 140G",
							"brandName": "PRIMULA",
							"shortDescription": null,
							"defaultImageUrl": "https://digitalcontent.api.tesco.com/v2/media/ghs/6e9af985-d7ef-4ac6-a737-9a03b563844f/0c05ee8f-b364-4908-906a-42cff0109efa_842933586.jpeg?h=225&w=225",
							"superDepartmentId": "b;RnJlc2glMjBGb29k",
							"media": {
								"defaultImage": {
									"aspectRatio": null,
									"__typename": "ProductMediaDefaultImageType"
								},
								"__typename": "ProductMediaType"
							},
							"quantityInBasket": null,
							"superDepartmentName": "Fresh Food",
							"departmentId": "b;RnJlc2glMjBGb29kJTdDQ2hlZXNl",
							"departmentName": "Cheese",
							"aisleId": "b;RnJlc2glMjBGb29kJTdDQ2hlZXNlJTdDQ2hlZXNlJTIwU25hY2tpbmclMjAmJTIwTHVuY2hib3g=",
							"aisleName": "Cheese Snacking & Lunchbox",
							"shelfId": "b;RnJlc2glMjBGb29kJTdDQ2hlZXNlJTdDQ2hlZXNlJTIwU25hY2tpbmclMjAmJTIwTHVuY2hib3glN0NMdW5jaGJveCUyMENoZWVzZSUyMFNuYWNraW5nJTIwU3ByZWFk",
							"shelfName": "Lunchbox Cheese Snacking Spread",
							"displayType": "Quantity",
							"productType": "SingleProduct",
							"averageWeight": 0,
							"bulkBuyLimit": 99,
							"maxQuantityAllowed": 99,
							"groupBulkBuyLimit": 0,
							"bulkBuyLimitMessage": "Max allowed is 99.",
							"bulkBuyLimitGroupId": null,
							"timeRestrictedDelivery": null,
							"restrictedDelivery": null,
							"isInFavourites": null,
							"isNew": false,
							"isRestrictedOrderAmendment": null,
							"maxWeight": 0,
							"minWeight": 0,
							"increment": 0,
							"details": {
								"components": [
									{
										"isLowEverydayPricing": false,
										"__typename": "AdditionalInfo"
									}
								],
								"__typename": "ProductDetailsType"
							},
							"catchWeightList": null,
							"restrictions": [],
							"reviews": {
								"stats": {
									"noOfReviews": 10,
									"overallRating": 3.8,
									"overallRatingRange": 5,
									"__typename": "ReviewStatsType"
								},
								"__typename": "ReviewsType"
							},
							"modelMetadata": null
						},
						"__typename": "CompositeResultType"
					},
					{
						"node": {
							"typename": "ProductType",
							"context": null,
							"__typename": "ProductType",
							"sellers": {
								"__typename": "ProductSellers",
								"results": [
									{
										"id": "260085351",
										"__typename": "ProductType",
										"isForSale": true,
										"status": "AvailableForSale",
										"seller": null,
										"price": {
											"price": 1,
											"unitPrice": 6.67,
											"unitOfMeasure": "kg",
											"actual": 1,
											"__typename": "PriceType"
										},
										"promotions": [],
										"fulfilment": null
									}
								]
							},
							"id": "260085351",
							"tpnb": "58794284",
							"tpnc": "260085351",
							"gtin": "05051008181395",
							"adId": null,
							"baseProductId": "58794284",
							"title": "Tesco Cheese Balls Snacks 150G",
							"brandName": "TESCO",
							"shortDescription": null,
							"defaultImageUrl": "https://digitalcontent.api.tesco.com/v2/media/ghs/ffa96508-8af7-4b73-b657-bd06f5f8ecd1/6ee26ea8-23f8-40dc-bda0-99100436e99c_1474398050.jpeg?h=225&w=225",
							"superDepartmentId": "b;Rm9vZCUyMEN1cGJvYXJk",
							"media": {
								"defaultImage": {
									"aspectRatio": null,
									"__typename": "ProductMediaDefaultImageType"
								},
								"__typename": "ProductMediaType"
							},
							"quantityInBasket": null,
							"superDepartmentName": "Food Cupboard",
							"departmentId": "b;Rm9vZCUyMEN1cGJvYXJkJTdDQ3Jpc3BzLCUyMFNuYWNrcywlMjBOdXRzJTIwJiUyMFBvcGNvcm4=",
							"departmentName": "Crisps, Snacks, Nuts & Popcorn",
							"aisleId": "b;Rm9vZCUyMEN1cGJvYXJkJTdDQ3Jpc3BzLCUyMFNuYWNrcywlMjBOdXRzJTIwJiUyMFBvcGNvcm4lN0NTaGFyaW5nJTIwQ3Jpc3BzJTIwJiUyMFNuYWNrcw==",
							"aisleName": "Sharing Crisps & Snacks",
							"shelfId": "b;Rm9vZCUyMEN1cGJvYXJkJTdDQ3Jpc3BzLCUyMFNuYWNrcywlMjBOdXRzJTIwJiUyMFBvcGNvcm4lN0NTaGFyaW5nJTIwQ3Jpc3BzJTIwJiUyMFNuYWNrcyU3Q1NoYXJpbmclMjBQYXJ0eSUyMFNuYWNrcyUyMCYlMjBDcmlzcHM=",
							"shelfName": "Sharing Party Snacks & Crisps",
							"displayType": "Quantity",
							"productType": "SingleProduct",
							"averageWeight": 0,
							"bulkBuyLimit": 18,
							"maxQuantityAllowed": 18,
							"groupBulkBuyLimit": 18,
							"bulkBuyLimitMessage": "You are able to buy a maximum of 18 of this group of products",
							"bulkBuyLimitGroupId": "G00002074",
							"timeRestrictedDelivery": null,
							"restrictedDelivery": null,
							"isInFavourites": null,
							"isNew": false,
							"isRestrictedOrderAmendment": null,
							"maxWeight": 0,
							"minWeight": 0,
							"increment": 0,
							"details": {
								"components": [
									{
										"isLowEverydayPricing": false,
										"__typename": "AdditionalInfo"
									}
								],
								"__typename": "ProductDetailsType"
							},
							"catchWeightList": null,
							"restrictions": [],
							"reviews": {
								"stats": {
									"noOfReviews": 99,
									"overallRating": 2,
									"overallRatingRange": 5,
									"__typename": "ReviewStatsType"
								},
								"__typename": "ReviewsType"
							},
							"modelMetadata": null
						},
						"__typename": "CompositeResultType"
					},
					{
						"node": {
							"typename": "ProductType",
							"context": null,
							"__typename": "ProductType",
							"sellers": {
								"__typename": "ProductSellers",
								"results": [
									{
										"id": "304387543",
										"__typename": "ProductType",
										"isForSale": true,
										"status": "AvailableForSale",
										"seller": null,
										"price": {
											"price": 1.4,
											"unitPrice": 14,
											"unitOfMeasure": "kg",
											"actual": 1.4,
											"__typename": "PriceType"
										},
										"promotions": [
											{
												"id": "96030509",
												"promotionType": null,
												"startDate": "2025-11-22T00:00:00Z",
												"endDate": "2026-01-03T00:00:00Z",
												"description": "Any 2 for \u00a32 Clubcard Price - Selected Tesco Truckle 100g",
												"unitSellingInfo": null,
												"price": null,
												"attributes": [
													"CLUBCARD_PRICING"
												],
												"__typename": "PromotionType"
											}
										],
										"fulfilment": null
									}
								]
							},
							"id": "304387543",
							"tpnb": "85982527",
							"tpnc": "304387543",
							"gtin": "05057753923082",
							"adId": null,
							"baseProductId": "85982527",
							"title": "Tesco Smoky Cheddar Truckle 100G",
							"brandName": "TESCO",
							"shortDescription": null,
							"defaultImageUrl": "https://digitalcontent.api.tesco.com/v2/media/ghs/ed4f202f-f386-4d74-aa25-62f42b40252a/c9270e5f-1d2c-428c-8029-01735dbfc31d_1336588992.jpeg?h=225&w=225",
							"superDepartmentId": "b;RnJlc2glMjBGb29k",
							"media": {
								"defaultImage": {
									"aspectRatio": null,
									"__typename": "ProductMediaDefaultImageType"
								},
								"__typename": "ProductMediaType"
							},
							"quantityInBasket": null,
							"superDepartmentName": "Fresh Food",
							"departmentId": "b;RnJlc2glMjBGb29kJTdDQ2hlZXNl",
							"departmentName": "Cheese",
							"aisleId": "b;RnJlc2glMjBGb29kJTdDQ2hlZXNlJTdDU3BlY2lhbHR5JTIwJiUyMENvbnRpbmVudGFsJTIwQ2hlZXNl",
							"aisleName": "Specialty & Continental Cheese",
							"shelfId": "b;RnJlc2glMjBGb29kJTdDQ2hlZXNlJTdDU3BlY2lhbHR5JTIwJiUyMENvbnRpbmVudGFsJTIwQ2hlZXNlJTdDU21va2VkJTIwQ2hlZXNlJTIwJiUyMEZsYXZvdXJlZCUyMENoZWVzZQ==",
							"shelfName": "Smoked Cheese & Flavoured Cheese",
							"displayType": "Quantity",
							"productType": "SingleProduct",
							"averageWeight": 0,
							"bulkBuyLimit": 16,
							"maxQuantityAllowed": 16,
							"groupBulkBuyLimit": 0,
							"bulkBuyLimitMessage": "You are able to buy a maximum of 16 of this item",
							"bulkBuyLimitGroupId": "G00000014",
							"timeRestrictedDelivery": null,
							"restrictedDelivery": null,
							"isInFavourites": null,
							"isNew": true,
							"isRestrictedOrderAmendment": null,
							"maxWeight": 0,
							"minWeight": 0,
							"increment": 0,
							"details": {
								"components": [
									{
										"isLowEverydayPricing": false,
										"__typename": "AdditionalInfo"
									}
								],
								"__typename": "ProductDetailsType"
							},
							"catchWeightList": null,
							"restrictions": [
								{
									"type": "RdgDateRange",
									"isViolated": false,
									"message": "This product is available for delivery or collection until 23/12/2025",
									"__typename": "ProductRestrictionType"
								}
							],
							"reviews": {
								"stats": {
									"noOfReviews": null,
									"overallRating": null,
									"overallRatingRange": null,
									"__typename": "ReviewStatsType"
								},
								"__typename": "ReviewsType"
							},
							"modelMetadata": null
						},
						"__typename": "CompositeResultType"
					},
					{
						"node": {
							"typename": "ProductType",
							"context": null,
							"__typename": "ProductType",
							"sellers": {
								"__typename": "ProductSellers",
								"results": [
									{
										"id": "304417895",
										"__typename": "ProductType",
										"isForSale": true,
										"status": "AvailableForSale",
										"seller": null,
										"price": {
											"price": 1.4,
											"unitPrice": 14,
											"unitOfMeasure": "kg",
											"actual": 1.4,
											"__typename": "PriceType"
										},
										"promotions": [
											{
												"id": "96030509",
												"promotionType": null,
												"startDate": "2025-11-22T00:00:00Z",
												"endDate": "2026-01-03T00:00:00Z",
												"description": "Any 2 for \u00a32 Clubcard Price - Selected Tesco Truckle 100g",
												"unitSellingInfo": null,
												"price": null,
												"attributes": [
													"CLUBCARD_PRICING"
												],
												"__typename": "PromotionType"
											}
										],
										"fulfilment": null
									}
								]
							},
							"id": "304417895",
							"tpnb": "86004012",
							"tpnc": "304417895",
							"gtin": "05057753916541",
							"adId": null,
							"baseProductId": "86004012",
							"title": "Tesco Gloucester Chive, Onion Truckle 100G",
							"brandName": "TESCO",
							"shortDescription": null,
							"defaultImageUrl": "https://digitalcontent.api.tesco.com/v2/media/ghs/ec1c59a1-3c49-46c2-9d34-210e749702c8/bf399dd5-a064-489b-bc64-3bcbde377351_1771370564.jpeg?h=225&w=225",
							"superDepartmentId": "b;RnJlc2glMjBGb29k",
							"media": {
								"defaultImage": {
									"aspectRatio": null,
									"__typename": "ProductMediaDefaultImageType"
								},
								"__typename": "ProductMediaType"
							},
							"quantityInBasket": null,
							"superDepartmentName": "Fresh Food",
							"departmentId": "b;RnJlc2glMjBGb29kJTdDQ2hlZXNl",
							"departmentName": "Cheese",
							"aisleId": "b;RnJlc2glMjBGb29kJTdDQ2hlZXNlJTdDUmVnaW9uYWwlMjBDaGVlc2U=",
							"aisleName": "Regional Cheese",
							"shelfId": "b;RnJlc2glMjBGb29kJTdDQ2hlZXNlJTdDUmVnaW9uYWwlMjBDaGVlc2UlN0NHbG91Y2VzdGVyJTIwQ2hlZXNl",
							"shelfName": "Gloucester Cheese",
							"displayType": "Quantity",
							"productType": "SingleProduct",
							"averageWeight": 0,
							"bulkBuyLimit": 16,
							"maxQuantityAllowed": 16,
							"groupBulkBuyLimit": 0,
							"bulkBuyLimitMessage": "You are able to buy a maximum of 16 of this item",
							"bulkBuyLimitGroupId": "G00000014",
							"timeRestrictedDelivery": null,
							"restrictedDelivery": null,
							"isInFavourites": null,
							"isNew": true,
							"isRestrictedOrderAmendment": null,
							"maxWeight": 0,
							"minWeight": 0,
							"increment": 0,
							"details": {
								"components": [
									{
										"isLowEverydayPricing": false,
										"__typename": "AdditionalInfo"
									}
								],
								"__typename": "ProductDetailsType"
							},
							"catchWeightList": null,
							"restrictions": [
								{
									"type": "RdgDateRange",
									"isViolated": false,
									"message": "This product is available for delivery or collection until 23/12/2025",
									"__typename": "ProductRestrictionType"
								}
							],
							"reviews": {
								"stats": {
									"noOfReviews": null,
									"overallRating": null,
									"overallRatingRange": null,
									"__typename": "ReviewStatsType"
								},
								"__typename": "ReviewsType"
							},
							"modelMetadata": null
						},
						"__typename": "CompositeResultType"
					},
					{
						"node": {
							"typename": "ProductType",
							"context": null,
							"__typename": "ProductType",
							"sellers": {
								"__typename": "ProductSellers",
								"results": [
									{
										"id": "251888083",
										"__typename": "ProductType",
										"isForSale": true,
										"status": "AvailableForSale",
										"seller": null,
										"price": {
											"price": 2.3,
											"unitPrice": 18.4,
											"unitOfMeasure": "kg",
											"actual": 2.3,
											"__typename": "PriceType"
										},
										"promotions": [],
										"fulfilment": null
									}
								]
							},
							"id": "251888083",
							"tpnb": "55798745",
							"tpnc": "251888083",
							"gtin": "05760466748780",
							"adId": null,
							"baseProductId": "55798745",
							"title": "CASTELLO PINEAPPLE HALO Soft CHSE 125g",
							"brandName": "CASTELLO",
							"shortDescription": null,
							"defaultImageUrl": "https://digitalcontent.api.tesco.com/v2/media/ghs/64996700-0e9f-4deb-b775-792de15477f2/9111c889-c11e-4933-8fbb-7b59bb95c65f.jpeg?h=225&w=225",
							"superDepartmentId": "b;RnJlc2glMjBGb29k",
							"media": {
								"defaultImage": {
									"aspectRatio": null,
									"__typename": "ProductMediaDefaultImageType"
								},
								"__typename": "ProductMediaType"
							},
							"quantityInBasket": null,
							"superDepartmentName": "Fresh Food",
							"departmentId": "b;RnJlc2glMjBGb29kJTdDQ2hlZXNl",
							"departmentName": "Cheese",
							"aisleId": "b;RnJlc2glMjBGb29kJTdDQ2hlZXNlJTdDU3BlY2lhbHR5JTIwJiUyMENvbnRpbmVudGFsJTIwQ2hlZXNl",
							"aisleName": "Specialty & Continental Cheese",
							"shelfId": "b;RnJlc2glMjBGb29kJTdDQ2hlZXNlJTdDU3BlY2lhbHR5JTIwJiUyMENvbnRpbmVudGFsJTIwQ2hlZXNlJTdDU29mdCUyMENvbnRpbmVudGFsJTIwQ2hlZXNl",
							"shelfName": "Soft Continental Cheese",
							"displayType": "Quantity",
							"productType": "SingleProduct",
							"averageWeight": 0,
							"bulkBuyLimit": 25,
							"maxQuantityAllowed": 25,
							"groupBulkBuyLimit": 0,
							"bulkBuyLimitMessage": "You are able to buy a maximum of 25 of this item",
							"bulkBuyLimitGroupId": "G00000216",
							"timeRestrictedDelivery": null,
							"restrictedDelivery": null,
							"isInFavourites": null,
							"isNew": false,
							"isRestrictedOrderAmendment": null,
							"maxWeight": 0,
							"minWeight": 0,
							"increment": 0,
							"details": {
								"components": [
									{
										"isLowEverydayPricing": false,
										"__typename": "AdditionalInfo"
									}
								],
								"__typename": "ProductDetailsType"
							},
							"catchWeightList": null,
							"restrictions": [],
							"reviews": {
								"stats": {
									"noOfReviews": 109,
									"overallRating": 4.3,
									"overallRatingRange": 5,
									"__typename": "ReviewStatsType"
								},
								"__typename": "ReviewsType"
							},
							"modelMetadata": null
						},
						"__typename": "CompositeResultType"
					},
					{
						"node": {
							"typename": "ProductType",
							"context": null,
							"__typename": "ProductType",
							"sellers": {
								"__typename": "ProductSellers",
								"results": [
									{
										"id": "310131739",
										"__typename": "ProductType",
										"isForSale": true,
										"status": "AvailableForSale",
										"seller": null,
										"price": {
											"price": 2,
											"unitPrice": 14.29,
											"unitOfMeasure": "kg",
											"actual": 2,
											"__typename": "PriceType"
										},
										"promotions": [
											{
												"id": "96153787",
												"promotionType": null,
												"startDate": "2025-11-26T00:00:00Z",
												"endDate": "2025-12-19T00:00:00Z",
												"description": "\u00a31.35 Clubcard Price",
												"unitSellingInfo": "\u00a39.64/kg",
												"price": {
													"beforeDiscount": null,
													"afterDiscount": 2,
													"__typename": "PromotionPriceType"
												},
												"attributes": [
													"CLUBCARD_PRICING"
												],
												"__typename": "PromotionType"
											}
										],
										"fulfilment": null
									}
								]
							},
							"id": "310131739",
							"tpnb": "89919310",
							"tpnc": "310131739",
							"gtin": "05016049086238",
							"adId": null,
							"baseProductId": "89919310",
							"title": "Primula Cheese & Ham Tube 140G",
							"brandName": "PRIMULA",
							"shortDescription": null,
							"defaultImageUrl": "https://digitalcontent.api.tesco.com/v2/media/ghs/6a748e9f-d6f8-4ede-84b9-e393810b16d9/264f9ffb-53ca-4ab5-9b9d-bdc2764d6a18_304623910.jpeg?h=225&w=225",
							"superDepartmentId": "b;RnJlc2glMjBGb29k",
							"media": {
								"defaultImage": {
									"aspectRatio": null,
									"__typename": "ProductMediaDefaultImageType"
								},
								"__typename": "ProductMediaType"
							},
							"quantityInBasket": null,
							"superDepartmentName": "Fresh Food",
							"departmentId": "b;RnJlc2glMjBGb29kJTdDQ2hlZXNl",
							"departmentName": "Cheese",
							"aisleId": "b;RnJlc2glMjBGb29kJTdDQ2hlZXNlJTdDQ2hlZXNlJTIwU25hY2tpbmclMjAmJTIwTHVuY2hib3g=",
							"aisleName": "Cheese Snacking & Lunchbox",
							"shelfId": "b;RnJlc2glMjBGb29kJTdDQ2hlZXNlJTdDQ2hlZXNlJTIwU25hY2tpbmclMjAmJTIwTHVuY2hib3glN0NMdW5jaGJveCUyMENoZWVzZSUyMFNuYWNraW5nJTIwU3ByZWFk",
							"shelfName": "Lunchbox Cheese Snacking Spread",
							"displayType": "Quantity",
							"productType": "SingleProduct",
							"averageWeight": 0,
							"bulkBuyLimit": 99,
							"maxQuantityAllowed": 99,
							"groupBulkBuyLimit": 0,
							"bulkBuyLimitMessage": "Max allowed is 99.",
							"bulkBuyLimitGroupId": null,
							"timeRestrictedDelivery": null,
							"restrictedDelivery": null,
							"isInFavourites": null,
							"isNew": false,
							"isRestrictedOrderAmendment": null,
							"maxWeight": 0,
							"minWeight": 0,
							"increment": 0,
							"details": {
								"components": [
									{
										"isLowEverydayPricing": false,
										"__typename": "AdditionalInfo"
									}
								],
								"__typename": "ProductDetailsType"
							},
							"catchWeightList": null,
							"restrictions": [],
							"reviews": {
								"stats": {
									"noOfReviews": 4,
									"overallRating": 4.8,
									"overallRatingRange": 5,
									"__typename": "ReviewStatsType"
								},
								"__typename": "ReviewsType"
							},
							"modelMetadata": null
						},
						"__typename": "CompositeResultType"
					},
					{
						"node": {
							"typename": "ProductType",
							"context": null,
							"__typename": "ProductType",
							"sellers": {
								"__typename": "ProductSellers",
								"results": [
									{
										"id": "302308722",
										"__typename": "ProductType",
										"isForSale": true,
										"status": "AvailableForSale",
										"seller": null,
										"price": {
											"price": 3.5,
											"unitPrice": 23.33,
											"unitOfMeasure": "kg",
											"actual": 3.5,
											"__typename": "PriceType"
										},
										"promotions": [
											{
												"id": "95230846",
												"promotionType": null,
												"startDate": "2025-10-19T23:00:00Z",
												"endDate": "2026-03-19T00:00:00Z",
												"description": "Any 3 for 2 Clubcard Price - Cheapest Product Free - Selected Deli Grab Go",
												"unitSellingInfo": null,
												"price": null,
												"attributes": [
													"CLUBCARD_PRICING"
												],
												"__typename": "PromotionType"
											}
										],
										"fulfilment": null
									}
								]
							},
							"id": "302308722",
							"tpnb": "86004527",
							"tpnc": "302308722",
							"gtin": "05031153337960",
							"adId": null,
							"baseProductId": "86004527",
							"title": "Old Amsterdam Mature Gouda Cheese 150g",
							"brandName": "OLD AMSTERDAM",
							"shortDescription": null,
							"defaultImageUrl": "https://digitalcontent.api.tesco.com/v2/media/ghs/64fc4f70-fe81-434a-a616-6263a1bd5c0f/5d7f9e15-bc98-4521-9769-b1b3f6bae36d.jpeg?h=225&w=225",
							"superDepartmentId": "b;RnJlc2glMjBGb29k",
							"media": {
								"defaultImage": {
									"aspectRatio": null,
									"__typename": "ProductMediaDefaultImageType"
								},
								"__typename": "ProductMediaType"
							},
							"quantityInBasket": null,
							"superDepartmentName": "Fresh Food",
							"departmentId": "b;RnJlc2glMjBGb29kJTdDRGVsaSUyMENvdW50ZXI=",
							"departmentName": "Deli Counter",
							"aisleId": "b;RnJlc2glMjBGb29kJTdDRGVsaSUyMENvdW50ZXIlN0NEZWxpJTIwQ291bnRlciUyMC0lMjAzJTIwZm9yJTIwMg==",
							"aisleName": "Deli Counter - 3 for 2",
							"shelfId": "b;RnJlc2glMjBGb29kJTdDRGVsaSUyMENvdW50ZXIlN0NEZWxpJTIwQ291bnRlciUyMC0lMjAzJTIwZm9yJTIwMiU3Q0NvdW50ZXIlMjAzJTIwZm9yJTIwMg==",
							"shelfName": "Counter 3 for 2",
							"displayType": "Quantity",
							"productType": "SingleProduct",
							"averageWeight": 0,
							"bulkBuyLimit": 16,
							"maxQuantityAllowed": 16,
							"groupBulkBuyLimit": 0,
							"bulkBuyLimitMessage": "You are able to buy a maximum of 16 of this item",
							"bulkBuyLimitGroupId": "G00000273",
							"timeRestrictedDelivery": null,
							"restrictedDelivery": null,
							"isInFavourites": null,
							"isNew": false,
							"isRestrictedOrderAmendment": null,
							"maxWeight": 0,
							"minWeight": 0,
							"increment": 0,
							"details": {
								"components": [
									{
										"isLowEverydayPricing": false,
										"__typename": "AdditionalInfo"
									}
								],
								"__typename": "ProductDetailsType"
							},
							"catchWeightList": null,
							"restrictions": [],
							"reviews": {
								"stats": {
									"noOfReviews": 8,
									"overallRating": 2.8,
									"overallRatingRange": 5,
									"__typename": "ReviewStatsType"
								},
								"__typename": "ReviewsType"
							},
							"modelMetadata": null
						},
						"__typename": "CompositeResultType"
					},
					{
						"node": {
							"typename": "ProductType",
							"context": null,
							"__typename": "ProductType",
							"sellers": {
								"__typename": "ProductSellers",
								"results": [
									{
										"id": "302285959",
										"__typename": "ProductType",
										"isForSale": true,
										"status": "AvailableForSale",
										"seller": null,
										"price": {
											"price": 3.75,
											"unitPrice": 18.75,
											"unitOfMeasure": "kg",
											"actual": 3.75,
											"__typename": "PriceType"
										},
										"promotions": [
											{
												"id": "95230846",
												"promotionType": null,
												"startDate": "2025-10-19T23:00:00Z",
												"endDate": "2026-03-19T00:00:00Z",
												"description": "Any 3 for 2 Clubcard Price - Cheapest Product Free - Selected Deli Grab Go",
												"unitSellingInfo": null,
												"price": null,
												"attributes": [
													"CLUBCARD_PRICING"
												],
												"__typename": "PromotionType"
											}
										],
										"fulfilment": null
									}
								]
							},
							"id": "302285959",
							"tpnb": "86017201",
							"tpnc": "302285959",
							"gtin": "05031153338158",
							"adId": null,
							"baseProductId": "86017201",
							"title": "Vintage Red Fox Cheese 200G",
							"brandName": "Belton Farm",
							"shortDescription": null,
							"defaultImageUrl": "https://digitalcontent.api.tesco.com/v2/media/ghs/968dda78-37cb-4425-8313-f88400d6240f/6c1c9291-241c-49e4-a53b-eb0c70665869_1659593561.jpeg?h=225&w=225",
							"superDepartmentId": "b;RnJlc2glMjBGb29k",
							"media": {
								"defaultImage": {
									"aspectRatio": null,
									"__typename": "ProductMediaDefaultImageType"
								},
								"__typename": "ProductMediaType"
							},
							"quantityInBasket": null,
							"superDepartmentName": "Fresh Food",
							"departmentId": "b;RnJlc2glMjBGb29kJTdDRGVsaSUyMENvdW50ZXI=",
							"departmentName": "Deli Counter",
							"aisleId": "b;RnJlc2glMjBGb29kJTdDRGVsaSUyMENvdW50ZXIlN0NEZWxpJTIwQ291bnRlciUyMC0lMjAzJTIwZm9yJTIwMg==",
							"aisleName": "Deli Counter - 3 for 2",
							"shelfId": "b;RnJlc2glMjBGb29kJTdDRGVsaSUyMENvdW50ZXIlN0NEZWxpJTIwQ291bnRlciUyMC0lMjAzJTIwZm9yJTIwMiU3Q0NvdW50ZXIlMjAzJTIwZm9yJTIwMg==",
							"shelfName": "Counter 3 for 2",
							"displayType": "Quantity",
							"productType": "SingleProduct",
							"averageWeight": 0,
							"bulkBuyLimit": 16,
							"maxQuantityAllowed": 16,
							"groupBulkBuyLimit": 0,
							"bulkBuyLimitMessage": "You are able to buy a maximum of 16 of this item",
							"bulkBuyLimitGroupId": "G00000273",
							"timeRestrictedDelivery": null,
							"restrictedDelivery": null,
							"isInFavourites": null,
							"isNew": false,
							"isRestrictedOrderAmendment": null,
							"maxWeight": 0,
							"minWeight": 0,
							"increment": 0,
							"details": {
								"components": [
									{
										"isLowEverydayPricing": false,
										"__typename": "AdditionalInfo"
									}
								],
								"__typename": "ProductDetailsType"
							},
							"catchWeightList": null,
							"restrictions": [],
							"reviews": {
								"stats": {
									"noOfReviews": 14,
									"overallRating": 4.5,
									"overallRatingRange": 5,
									"__typename": "ReviewStatsType"
								},
								"__typename": "ReviewsType"
							},
							"modelMetadata": null
						},
						"__typename": "CompositeResultType"
					},
					{
						"node": {
							"typename": "ProductType",
							"context": null,
							"__typename": "ProductType",
							"sellers": {
								"__typename": "ProductSellers",
								"results": [
									{
										"id": "317553436",
										"__typename": "ProductType",
										"isForSale": true,
										"status": "AvailableForSale",
										"seller": null,
										"price": {
											"price": 2.5,
											"unitPrice": 13.89,
											"unitOfMeasure": "kg",
											"actual": 2.5,
											"__typename": "PriceType"
										},
										"promotions": [
											{
												"id": "96091782",
												"promotionType": null,
												"startDate": "2025-11-25T00:00:00Z",
												"endDate": "2026-01-03T00:00:00Z",
												"description": "\u00a31.45 Clubcard Price",
												"unitSellingInfo": "\u00a38.06/kg",
												"price": {
													"beforeDiscount": null,
													"afterDiscount": 2.5,
													"__typename": "PromotionPriceType"
												},
												"attributes": [
													"CLUBCARD_PRICING"
												],
												"__typename": "PromotionType"
											}
										],
										"fulfilment": null
									}
								]
							},
							"id": "317553436",
							"tpnb": "93282629",
							"tpnc": "317553436",
							"gtin": "05000328028651",
							"adId": null,
							"baseProductId": "93282629",
							"title": "Doritos Tortilla Chips Tangy Cheese Sharing Bag Crisps 180g",
							"brandName": "Doritos",
							"shortDescription": null,
							"defaultImageUrl": "https://digitalcontent.api.tesco.com/v2/media/ghs/a08a084d-7b4a-42ff-b048-cd006104ade0/5c717aa7-6195-4240-98fc-faccfe98ae13_575428462.jpeg?h=225&w=225",
							"superDepartmentId": "b;Rm9vZCUyMEN1cGJvYXJk",
							"media": {
								"defaultImage": {
									"aspectRatio": null,
									"__typename": "ProductMediaDefaultImageType"
								},
								"__typename": "ProductMediaType"
							},
							"quantityInBasket": null,
							"superDepartmentName": "Food Cupboard",
							"departmentId": "b;Rm9vZCUyMEN1cGJvYXJkJTdDQ3Jpc3BzLCUyMFNuYWNrcywlMjBOdXRzJTIwJiUyMFBvcGNvcm4=",
							"departmentName": "Crisps, Snacks, Nuts & Popcorn",
							"aisleId": "b;Rm9vZCUyMEN1cGJvYXJkJTdDQ3Jpc3BzLCUyMFNuYWNrcywlMjBOdXRzJTIwJiUyMFBvcGNvcm4lN0NTaGFyaW5nJTIwQ3Jpc3BzJTIwJiUyMFNuYWNrcw==",
							"aisleName": "Sharing Crisps & Snacks",
							"shelfId": "b;Rm9vZCUyMEN1cGJvYXJkJTdDQ3Jpc3BzLCUyMFNuYWNrcywlMjBOdXRzJTIwJiUyMFBvcGNvcm4lN0NTaGFyaW5nJTIwQ3Jpc3BzJTIwJiUyMFNuYWNrcyU3Q1NoYXJpbmclMjBQYXJ0eSUyMFNuYWNrcyUyMCYlMjBDcmlzcHM=",
							"shelfName": "Sharing Party Snacks & Crisps",
							"displayType": "Quantity",
							"productType": "SingleProduct",
							"averageWeight": 0,
							"bulkBuyLimit": 25,
							"maxQuantityAllowed": 25,
							"groupBulkBuyLimit": 0,
							"bulkBuyLimitMessage": "You have reached the maximum quantity for this product",
							"bulkBuyLimitGroupId": "G00004389",
							"timeRestrictedDelivery": null,
							"restrictedDelivery": null,
							"isInFavourites": null,
							"isNew": false,
							"isRestrictedOrderAmendment": null,
							"maxWeight": 0,
							"minWeight": 0,
							"increment": 0,
							"details": {
								"components": [
									{
										"isLowEverydayPricing": false,
										"__typename": "AdditionalInfo"
									}
								],
								"__typename": "ProductDetailsType"
							},
							"catchWeightList": null,
							"restrictions": [],
							"reviews": {
								"stats": {
									"noOfReviews": 39,
									"overallRating": 4.6,
									"overallRatingRange": 5,
									"__typename": "ReviewStatsType"
								},
								"__typename": "ReviewsType"
							},
							"modelMetadata": null
						},
						"__typename": "CompositeResultType"
					},
					{
						"node": {
							"typename": "ProductType",
							"context": null,
							"__typename": "ProductType",
							"sellers": {
								"__typename": "ProductSellers",
								"results": [
									{
										"id": "302280469",
										"__typename": "ProductType",
										"isForSale": true,
										"status": "AvailableForSale",
										"seller": null,
										"price": {
											"price": 3.15,
											"unitPrice": 17.5,
											"unitOfMeasure": "kg",
											"actual": 3.15,
											"__typename": "PriceType"
										},
										"promotions": [
											{
												"id": "95230846",
												"promotionType": null,
												"startDate": "2025-10-19T23:00:00Z",
												"endDate": "2026-03-19T00:00:00Z",
												"description": "Any 3 for 2 Clubcard Price - Cheapest Product Free - Selected Deli Grab Go",
												"unitSellingInfo": null,
												"price": null,
												"attributes": [
													"CLUBCARD_PRICING"
												],
												"__typename": "PromotionType"
											}
										],
										"fulfilment": null
									}
								]
							},
							"id": "302280469",
							"tpnb": "86018845",
							"tpnc": "302280469",
							"gtin": "05057753905545",
							"adId": null,
							"baseProductId": "86018845",
							"title": "Tesco Blue Shropshire Cheese 180g",
							"brandName": "TESCO",
							"shortDescription": null,
							"defaultImageUrl": "https://digitalcontent.api.tesco.com/v2/media/ghs/373835cd-1f2c-4d70-adc1-6478c56b5f52/bc005e6c-fd13-4c9d-b11d-3b9e23f9cd89.jpeg?h=225&w=225",
							"superDepartmentId": "b;RnJlc2glMjBGb29k",
							"media": {
								"defaultImage": {
									"aspectRatio": null,
									"__typename": "ProductMediaDefaultImageType"
								},
								"__typename": "ProductMediaType"
							},
							"quantityInBasket": null,
							"superDepartmentName": "Fresh Food",
							"departmentId": "b;RnJlc2glMjBGb29kJTdDRGVsaSUyMENvdW50ZXI=",
							"departmentName": "Deli Counter",
							"aisleId": "b;RnJlc2glMjBGb29kJTdDRGVsaSUyMENvdW50ZXIlN0NEZWxpJTIwQ291bnRlciUyMC0lMjAzJTIwZm9yJTIwMg==",
							"aisleName": "Deli Counter - 3 for 2",
							"shelfId": "b;RnJlc2glMjBGb29kJTdDRGVsaSUyMENvdW50ZXIlN0NEZWxpJTIwQ291bnRlciUyMC0lMjAzJTIwZm9yJTIwMiU3Q0NvdW50ZXIlMjAzJTIwZm9yJTIwMg==",
							"shelfName": "Counter 3 for 2",
							"displayType": "Quantity",
							"productType": "SingleProduct",
							"averageWeight": 0,
							"bulkBuyLimit": 16,
							"maxQuantityAllowed": 16,
							"groupBulkBuyLimit": 0,
							"bulkBuyLimitMessage": "You are able to buy a maximum of 16 of this item",
							"bulkBuyLimitGroupId": "G00000273",
							"timeRestrictedDelivery": null,
							"restrictedDelivery": null,
							"isInFavourites": null,
							"isNew": false,
							"isRestrictedOrderAmendment": null,
							"maxWeight": 0,
							"minWeight": 0,
							"increment": 0,
							"details": {
								"components": [
									{
										"isLowEverydayPricing": false,
										"__typename": "AdditionalInfo"
									}
								],
								"__typename": "ProductDetailsType"
							},
							"catchWeightList": null,
							"restrictions": [],
							"reviews": {
								"stats": {
									"noOfReviews": 116,
									"overallRating": 4.7,
									"overallRatingRange": 5,
									"__typename": "ReviewStatsType"
								},
								"__typename": "ReviewsType"
							},
							"modelMetadata": null
						},
						"__typename": "CompositeResultType"
					},
					{
						"node": {
							"typename": "ProductType",
							"context": null,
							"__typename": "ProductType",
							"sellers": {
								"__typename": "ProductSellers",
								"results": [
									{
										"id": "307346979",
										"__typename": "ProductType",
										"isForSale": true,
										"status": "AvailableForSale",
										"seller": null,
										"price": {
											"price": 2.89,
											"unitPrice": 14.45,
											"unitOfMeasure": "kg",
											"actual": 2.89,
											"__typename": "PriceType"
										},
										"promotions": [],
										"fulfilment": null
									}
								]
							},
							"id": "307346979",
							"tpnb": "88300513",
							"tpnc": "307346979",
							"gtin": "03073780918763",
							"adId": null,
							"baseProductId": "88300513",
							"title": "Mini Babybel Original Cheese Snacks 10X20g 200G",
							"brandName": "BABYBEL",
							"shortDescription": null,
							"defaultImageUrl": "https://digitalcontent.api.tesco.com/v2/media/ghs/b92ffeb1-9368-4d44-85da-4bee3b864d69/38173bf4-a667-4975-a99f-6324f5267715_1955116170.jpeg?h=225&w=225",
							"superDepartmentId": "b;RnJlc2glMjBGb29k",
							"media": {
								"defaultImage": {
									"aspectRatio": null,
									"__typename": "ProductMediaDefaultImageType"
								},
								"__typename": "ProductMediaType"
							},
							"quantityInBasket": null,
							"superDepartmentName": "Fresh Food",
							"departmentId": "b;RnJlc2glMjBGb29kJTdDQ2hlZXNl",
							"departmentName": "Cheese",
							"aisleId": "b;RnJlc2glMjBGb29kJTdDQ2hlZXNlJTdDQ2hlZXNlJTIwU25hY2tpbmclMjAmJTIwTHVuY2hib3g=",
							"aisleName": "Cheese Snacking & Lunchbox",
							"shelfId": "b;RnJlc2glMjBGb29kJTdDQ2hlZXNlJTdDQ2hlZXNlJTIwU25hY2tpbmclMjAmJTIwTHVuY2hib3glN0NDaGVlc2UlMjBTbmFja2luZyUyMCYlMjBNaW5pcw==",
							"shelfName": "Cheese Snacking & Minis",
							"displayType": "Quantity",
							"productType": "SingleProduct",
							"averageWeight": 0,
							"bulkBuyLimit": 4,
							"maxQuantityAllowed": 4,
							"groupBulkBuyLimit": 4,
							"bulkBuyLimitMessage": "You are able to order a maximum of 4 for this group of products",
							"bulkBuyLimitGroupId": "G00002598",
							"timeRestrictedDelivery": null,
							"restrictedDelivery": null,
							"isInFavourites": null,
							"isNew": false,
							"isRestrictedOrderAmendment": null,
							"maxWeight": 0,
							"minWeight": 0,
							"increment": 0,
							"details": {
								"components": [
									{
										"isLowEverydayPricing": false,
										"__typename": "AdditionalInfo"
									},
									{
										"competitors": [
											{
												"id": "ALDI",
												"priceMatch": {
													"isMatching": true,
													"__typename": "PriceMatch"
												},
												"__typename": "Competitor"
											}
										],
										"__typename": "CompetitorsInfo"
									}
								],
								"__typename": "ProductDetailsType"
							},
							"catchWeightList": null,
							"restrictions": [],
							"reviews": {
								"stats": {
									"noOfReviews": 11,
									"overallRating": 4.4,
									"overallRatingRange": 5,
									"__typename": "ReviewStatsType"
								},
								"__typename": "ReviewsType"
							},
							"modelMetadata": null
						},
						"__typename": "CompositeResultType"
					},
					{
						"node": {
							"typename": "ProductType",
							"context": null,
							"__typename": "ProductType",
							"sellers": {
								"__typename": "ProductSellers",
								"results": [
									{
										"id": "282111218",
										"__typename": "ProductType",
										"isForSale": true,
										"status": "AvailableForSale",
										"seller": null,
										"price": {
											"price": 1.8,
											"unitPrice": 12.86,
											"unitOfMeasure": "kg",
											"actual": 1.8,
											"__typename": "PriceType"
										},
										"promotions": [
											{
												"id": "96149231",
												"promotionType": null,
												"startDate": "2025-11-26T00:00:00Z",
												"endDate": "2025-12-19T00:00:00Z",
												"description": "\u00a31.30 Clubcard Price",
												"unitSellingInfo": "\u00a39.29/kg",
												"price": {
													"beforeDiscount": null,
													"afterDiscount": 1.8,
													"__typename": "PromotionPriceType"
												},
												"attributes": [
													"CLUBCARD_PRICING"
												],
												"__typename": "PromotionType"
											}
										],
										"fulfilment": null
									}
								]
							},
							"id": "282111218",
							"tpnb": "75900174",
							"tpnc": "282111218",
							"gtin": "03073781048124",
							"adId": null,
							"baseProductId": "75900174",
							"title": "The Laughing Cow Cheese Dip & Crunch Spread 140 G",
							"brandName": "The Laughing Cow",
							"shortDescription": null,
							"defaultImageUrl": "https://digitalcontent.api.tesco.com/v2/media/ghs/579cfdfa-0b4e-4f25-bfbc-01a23005d179/ed0332f6-c5e8-4836-ad12-0c335de39568.jpeg?h=225&w=225",
							"superDepartmentId": "b;RnJlc2glMjBGb29k",
							"media": {
								"defaultImage": {
									"aspectRatio": null,
									"__typename": "ProductMediaDefaultImageType"
								},
								"__typename": "ProductMediaType"
							},
							"quantityInBasket": null,
							"superDepartmentName": "Fresh Food",
							"departmentId": "b;RnJlc2glMjBGb29kJTdDQ2hlZXNl",
							"departmentName": "Cheese",
							"aisleId": "b;RnJlc2glMjBGb29kJTdDQ2hlZXNlJTdDQ2hlZXNlJTIwU25hY2tpbmclMjAmJTIwTHVuY2hib3g=",
							"aisleName": "Cheese Snacking & Lunchbox",
							"shelfId": "b;RnJlc2glMjBGb29kJTdDQ2hlZXNlJTdDQ2hlZXNlJTIwU25hY2tpbmclMjAmJTIwTHVuY2hib3glN0NMdW5jaGJveCUyMENoZWVzZSUyMERpcHBlcnM=",
							"shelfName": "Lunchbox Cheese Dippers",
							"displayType": "Quantity",
							"productType": "SingleProduct",
							"averageWeight": 0,
							"bulkBuyLimit": 25,
							"maxQuantityAllowed": 25,
							"groupBulkBuyLimit": 0,
							"bulkBuyLimitMessage": "You are able to buy a maximum of 25 of this item",
							"bulkBuyLimitGroupId": "G00000216",
							"timeRestrictedDelivery": null,
							"restrictedDelivery": null,
							"isInFavourites": null,
							"isNew": false,
							"isRestrictedOrderAmendment": null,
							"maxWeight": 0,
							"minWeight": 0,
							"increment": 0,
							"details": {
								"components": [
									{
										"isLowEverydayPricing": false,
										"__typename": "AdditionalInfo"
									}
								],
								"__typename": "ProductDetailsType"
							},
							"catchWeightList": null,
							"restrictions": [],
							"reviews": {
								"stats": {
									"noOfReviews": 3,
									"overallRating": 5,
									"overallRatingRange": 5,
									"__typename": "ReviewStatsType"
								},
								"__typename": "ReviewsType"
							},
							"modelMetadata": null
						},
						"__typename": "CompositeResultType"
					},
					{
						"node": {
							"typename": "ProductType",
							"context": null,
							"__typename": "ProductType",
							"sellers": {
								"__typename": "ProductSellers",
								"results": [
									{
										"id": "304408635",
										"__typename": "ProductType",
										"isForSale": true,
										"status": "AvailableForSale",
										"seller": null,
										"price": {
											"price": 1.4,
											"unitPrice": 14,
											"unitOfMeasure": "kg",
											"actual": 1.4,
											"__typename": "PriceType"
										},
										"promotions": [
											{
												"id": "96030509",
												"promotionType": null,
												"startDate": "2025-11-22T00:00:00Z",
												"endDate": "2026-01-03T00:00:00Z",
												"description": "Any 2 for \u00a32 Clubcard Price - Selected Tesco Truckle 100g",
												"unitSellingInfo": null,
												"price": null,
												"attributes": [
													"CLUBCARD_PRICING"
												],
												"__typename": "PromotionType"
											}
										],
										"fulfilment": null
									}
								]
							},
							"id": "304408635",
							"tpnb": "85982130",
							"tpnc": "304408635",
							"gtin": "05057753915131",
							"adId": null,
							"baseProductId": "85982130",
							"title": "Tesco Wslydle Cranberry Truckle 100G",
							"brandName": "TESCO",
							"shortDescription": null,
							"defaultImageUrl": "https://digitalcontent.api.tesco.com/v2/media/ghs/67bca6d4-a081-4cdc-a0e7-b798baab919b/99c0e483-15b3-46e3-b2e8-d2ac578a4b6b_796488365.jpeg?h=225&w=225",
							"superDepartmentId": "b;RnJlc2glMjBGb29k",
							"media": {
								"defaultImage": {
									"aspectRatio": null,
									"__typename": "ProductMediaDefaultImageType"
								},
								"__typename": "ProductMediaType"
							},
							"quantityInBasket": null,
							"superDepartmentName": "Fresh Food",
							"departmentId": "b;RnJlc2glMjBGb29kJTdDQ2hlZXNl",
							"departmentName": "Cheese",
							"aisleId": "b;RnJlc2glMjBGb29kJTdDQ2hlZXNlJTdDUmVnaW9uYWwlMjBDaGVlc2U=",
							"aisleName": "Regional Cheese",
							"shelfId": "b;RnJlc2glMjBGb29kJTdDQ2hlZXNlJTdDUmVnaW9uYWwlMjBDaGVlc2UlN0MlMjBXZW5zbGV5ZGFsZSUyMENoZWVzZQ==",
							"shelfName": " Wensleydale Cheese",
							"displayType": "Quantity",
							"productType": "SingleProduct",
							"averageWeight": 0,
							"bulkBuyLimit": 16,
							"maxQuantityAllowed": 16,
							"groupBulkBuyLimit": 0,
							"bulkBuyLimitMessage": "You are able to buy a maximum of 16 of this item",
							"bulkBuyLimitGroupId": "G00000014",
							"timeRestrictedDelivery": null,
							"restrictedDelivery": null,
							"isInFavourites": null,
							"isNew": true,
							"isRestrictedOrderAmendment": null,
							"maxWeight": 0,
							"minWeight": 0,
							"increment": 0,
							"details": {
								"components": [
									{
										"isLowEverydayPricing": false,
										"__typename": "AdditionalInfo"
									}
								],
								"__typename": "ProductDetailsType"
							},
							"catchWeightList": null,
							"restrictions": [
								{
									"type": "RdgDateRange",
									"isViolated": false,
									"message": "This product is available for delivery or collection until 23/12/2025",
									"__typename": "ProductRestrictionType"
								}
							],
							"reviews": {
								"stats": {
									"noOfReviews": 4,
									"overallRating": 1.2,
									"overallRatingRange": 5,
									"__typename": "ReviewStatsType"
								},
								"__typename": "ReviewsType"
							},
							"modelMetadata": null
						},
						"__typename": "CompositeResultType"
					},
					{
						"node": {
							"typename": "ProductType",
							"context": null,
							"__typename": "ProductType",
							"sellers": {
								"__typename": "ProductSellers",
								"results": [
									{
										"id": "305962650",
										"__typename": "ProductType",
										"isForSale": true,
										"status": "AvailableForSale",
										"seller": null,
										"price": {
											"price": 2.25,
											"unitPrice": 17.31,
											"unitOfMeasure": "kg",
											"actual": 2.25,
											"__typename": "PriceType"
										},
										"promotions": [
											{
												"id": "96092229",
												"promotionType": null,
												"startDate": "2025-11-25T00:00:00Z",
												"endDate": "2026-01-03T00:00:00Z",
												"description": "\u00a31.35 Clubcard Price",
												"unitSellingInfo": "\u00a310.38/kg",
												"price": {
													"beforeDiscount": null,
													"afterDiscount": 2.25,
													"__typename": "PromotionPriceType"
												},
												"attributes": [
													"CLUBCARD_PRICING"
												],
												"__typename": "PromotionType"
											}
										],
										"fulfilment": null
									}
								]
							},
							"id": "305962650",
							"tpnb": "87859435",
							"tpnc": "305962650",
							"gtin": "05000328202389",
							"adId": null,
							"baseProductId": "87859435",
							"title": "Walkers Wotsits Giants Cheese Sharing Bag Crisps 130g",
							"brandName": "WALKERS",
							"shortDescription": null,
							"defaultImageUrl": "https://digitalcontent.api.tesco.com/v2/media/ghs/838130c4-ac34-4866-b77c-1ddbfd7a39b8/82588ab4-9ae5-43a5-a54d-e3228517f58f_1872671322.jpeg?h=225&w=225",
							"superDepartmentId": "b;Rm9vZCUyMEN1cGJvYXJk",
							"media": {
								"defaultImage": {
									"aspectRatio": null,
									"__typename": "ProductMediaDefaultImageType"
								},
								"__typename": "ProductMediaType"
							},
							"quantityInBasket": null,
							"superDepartmentName": "Food Cupboard",
							"departmentId": "b;Rm9vZCUyMEN1cGJvYXJkJTdDQ3Jpc3BzLCUyMFNuYWNrcywlMjBOdXRzJTIwJiUyMFBvcGNvcm4=",
							"departmentName": "Crisps, Snacks, Nuts & Popcorn",
							"aisleId": "b;Rm9vZCUyMEN1cGJvYXJkJTdDQ3Jpc3BzLCUyMFNuYWNrcywlMjBOdXRzJTIwJiUyMFBvcGNvcm4lN0NTaGFyaW5nJTIwQ3Jpc3BzJTIwJiUyMFNuYWNrcw==",
							"aisleName": "Sharing Crisps & Snacks",
							"shelfId": "b;Rm9vZCUyMEN1cGJvYXJkJTdDQ3Jpc3BzLCUyMFNuYWNrcywlMjBOdXRzJTIwJiUyMFBvcGNvcm4lN0NTaGFyaW5nJTIwQ3Jpc3BzJTIwJiUyMFNuYWNrcyU3Q1NoYXJpbmclMjBQYXJ0eSUyMFNuYWNrcyUyMCYlMjBDcmlzcHM=",
							"shelfName": "Sharing Party Snacks & Crisps",
							"displayType": "Quantity",
							"productType": "SingleProduct",
							"averageWeight": 0,
							"bulkBuyLimit": 18,
							"maxQuantityAllowed": 18,
							"groupBulkBuyLimit": 18,
							"bulkBuyLimitMessage": "You are able to buy a maximum of 18 of this group of products",
							"bulkBuyLimitGroupId": "G00002074",
							"timeRestrictedDelivery": null,
							"restrictedDelivery": null,
							"isInFavourites": null,
							"isNew": false,
							"isRestrictedOrderAmendment": null,
							"maxWeight": 0,
							"minWeight": 0,
							"increment": 0,
							"details": {
								"components": [
									{
										"isLowEverydayPricing": false,
										"__typename": "AdditionalInfo"
									}
								],
								"__typename": "ProductDetailsType"
							},
							"catchWeightList": null,
							"restrictions": [],
							"reviews": {
								"stats": {
									"noOfReviews": 22,
									"overallRating": 3.5,
									"overallRatingRange": 5,
									"__typename": "ReviewStatsType"
								},
								"__typename": "ReviewsType"
							},
							"modelMetadata": null
						},
						"__typename": "CompositeResultType"
					},
					{
						"node": {
							"typename": "ProductType",
							"context": null,
							"__typename": "ProductType",
							"sellers": {
								"__typename": "ProductSellers",
								"results": [
									{
										"id": "299598030",
										"__typename": "ProductType",
										"isForSale": true,
										"status": "AvailableForSale",
										"seller": null,
										"price": {
											"price": 1.09,
											"unitPrice": 0.36,
											"unitOfMeasure": "100g",
											"actual": 1.09,
											"__typename": "PriceType"
										},
										"promotions": [],
										"fulfilment": null
									}
								]
							},
							"id": "299598030",
							"tpnb": "84620123",
							"tpnc": "299598030",
							"gtin": "05057545715864",
							"adId": null,
							"baseProductId": "84620123",
							"title": "Hearty Food Co. Cheese Pizza 300G",
							"brandName": "HEARTY FOOD CO.",
							"shortDescription": null,
							"defaultImageUrl": "https://digitalcontent.api.tesco.com/v2/media/ghs/7e9b2b39-dfef-4bc5-8403-f212eed4179f/c704064f-34b5-4ad8-9890-ad65707ad2a9.jpeg?h=225&w=225",
							"superDepartmentId": "b;RnJlc2glMjBGb29k",
							"media": {
								"defaultImage": {
									"aspectRatio": null,
									"__typename": "ProductMediaDefaultImageType"
								},
								"__typename": "ProductMediaType"
							},
							"quantityInBasket": null,
							"superDepartmentName": "Fresh Food",
							"departmentId": "b;RnJlc2glMjBGb29kJTdDRnJlc2glMjBQaXp6YSwlMjBQYXN0YSUyMCYlMjBHYXJsaWMlMjBCcmVhZA==",
							"departmentName": "Fresh Pizza, Pasta & Garlic Bread",
							"aisleId": "b;RnJlc2glMjBGb29kJTdDRnJlc2glMjBQaXp6YSwlMjBQYXN0YSUyMCYlMjBHYXJsaWMlMjBCcmVhZCU3Q0ZyZXNoJTIwUGl6emE=",
							"aisleName": "Fresh Pizza",
							"shelfId": "b;RnJlc2glMjBGb29kJTdDRnJlc2glMjBQaXp6YSwlMjBQYXN0YSUyMCYlMjBHYXJsaWMlMjBCcmVhZCU3Q0ZyZXNoJTIwUGl6emElN0NNYXJnaGVyaXRhJTIwQ2hlZXNlJTIwJiUyMFRvbWF0byUyMFBpenph",
							"shelfName": "Margherita Cheese & Tomato Pizza",
							"displayType": "Quantity",
							"productType": "SingleProduct",
							"averageWeight": 0,
							"bulkBuyLimit": 16,
							"maxQuantityAllowed": 16,
							"groupBulkBuyLimit": 0,
							"bulkBuyLimitMessage": "You are able to buy a maximum of 16 of this item",
							"bulkBuyLimitGroupId": "G00000241",
							"timeRestrictedDelivery": null,
							"restrictedDelivery": null,
							"isInFavourites": null,
							"isNew": false,
							"isRestrictedOrderAmendment": null,
							"maxWeight": 0,
							"minWeight": 0,
							"increment": 0,
							"details": {
								"components": [
									{
										"isLowEverydayPricing": false,
										"__typename": "AdditionalInfo"
									}
								],
								"__typename": "ProductDetailsType"
							},
							"catchWeightList": null,
							"restrictions": [],
							"reviews": {
								"stats": {
									"noOfReviews": 56,
									"overallRating": 4.2,
									"overallRatingRange": 5,
									"__typename": "ReviewStatsType"
								},
								"__typename": "ReviewsType"
							},
							"modelMetadata": null
						},
						"__typename": "CompositeResultType"
					}
				],
				"facetLists": null,
				"popularFilters": [
					{
						"category": "Pop Filter",
						"categoryId": "popfilters",
						"facets": [
							{
								"facetId": "b;RnJlc2glMjBGb29kJTdDQ2hlZXNlJTdDQ2hlZGRhciUyMENoZWVzZQ==",
								"facetName": "Cheddar Cheese",
								"binCount": null,
								"isSelected": false,
								"__typename": "FacetType"
							},
							{
								"facetId": "b;RnJlc2glMjBGb29kJTdDQ2hlZXNlJTdDR3JhdGVkJTIwJiUyMFNsaWNlZCUyMENoZWVzZQ==",
								"facetName": "Grated & Sliced Cheese",
								"binCount": null,
								"isSelected": false,
								"__typename": "FacetType"
							},
							{
								"facetId": "b;RnJlc2glMjBGb29kJTdDQ2hlZXNlJTdDU3BlY2lhbHR5JTIwJiUyMENvbnRpbmVudGFsJTIwQ2hlZXNl",
								"facetName": "Specialty & Continental Cheese",
								"binCount": null,
								"isSelected": false,
								"__typename": "FacetType"
							}
						],
						"__typename": "ProductListFacetsType"
					}
				],
				"facets": [
					{
						"__typename": "FacetBooleanType",
						"id": "new",
						"name": "New",
						"type": "boolean",
						"booleanValues": {
							"count": 87,
							"isSelected": null,
							"value": "true",
							"name": null,
							"__typename": "DynamicFilterValues"
						}
					},
					{
						"__typename": "FacetBooleanType",
						"id": "offer",
						"name": "Special Offers",
						"type": "boolean",
						"booleanValues": {
							"count": 249,
							"isSelected": null,
							"value": "true",
							"name": null,
							"__typename": "DynamicFilterValues"
						}
					},
					{
						"__typename": "FacetRangeType",
						"id": "price",
						"name": "Price",
						"type": "range"
					},
					{
						"__typename": "FacetMultiLevelType",
						"id": "category",
						"name": "Categories",
						"type": "multiLevel",
						"multiLevelValues": {
							"children": [
								{
									"count": 878,
									"name": "Fresh Food",
									"value": "Fresh Food",
									"isSelected": null,
									"__typename": "DynamicFilterValues"
								},
								{
									"count": 136,
									"name": "Food Cupboard",
									"value": "Food Cupboard",
									"isSelected": null,
									"__typename": "DynamicFilterValues"
								},
								{
									"count": 126,
									"name": "Treats & Snacks",
									"value": "Treats & Snacks",
									"isSelected": null,
									"__typename": "DynamicFilterValues"
								},
								{
									"count": 121,
									"name": "Christmas",
									"value": "Christmas",
									"isSelected": null,
									"__typename": "DynamicFilterValues"
								},
								{
									"count": 76,
									"name": "Frozen Food",
									"value": "Frozen Food",
									"isSelected": null,
									"__typename": "DynamicFilterValues"
								},
								{
									"count": 33,
									"name": "Pets",
									"value": "Pets",
									"isSelected": null,
									"__typename": "DynamicFilterValues"
								},
								{
									"count": 8,
									"name": "Baby & Toddler",
									"value": "Baby & Toddler",
									"isSelected": null,
									"__typename": "DynamicFilterValues"
								},
								{
									"count": 4,
									"name": "Bakery",
									"value": "Bakery",
									"isSelected": null,
									"__typename": "DynamicFilterValues"
								}
							],
							"appliedValues": null,
							"__typename": "MultilevelFacetValues"
						},
						"multiplicity": null,
						"metadata": null
					},
					{
						"__typename": "FacetListType",
						"id": "brands",
						"name": "Brand",
						"type": "list",
						"listValues": [
							{
								"name": "TESCO",
								"value": "TESCO",
								"isSelected": null,
								"count": 166,
								"__typename": "DynamicFilterValues"
							},
							{
								"name": "TESCO finest",
								"value": "TESCO finest",
								"isSelected": null,
								"count": 94,
								"__typename": "DynamicFilterValues"
							},
							{
								"name": "CATHEDRAL CITY",
								"value": "CATHEDRAL CITY",
								"isSelected": null,
								"count": 23,
								"__typename": "DynamicFilterValues"
							},
							{
								"name": "CREAMFIELDS",
								"value": "CREAMFIELDS",
								"isSelected": null,
								"count": 13,
								"__typename": "DynamicFilterValues"
							},
							{
								"name": "PHILADELPHIA",
								"value": "PHILADELPHIA",
								"isSelected": null,
								"count": 13,
								"__typename": "DynamicFilterValues"
							},
							{
								"name": "dairylea",
								"value": "dairylea",
								"isSelected": null,
								"count": 13,
								"__typename": "DynamicFilterValues"
							},
							{
								"name": "PILGRIMS CHOICE",
								"value": "PILGRIMS CHOICE",
								"isSelected": null,
								"count": 10,
								"__typename": "DynamicFilterValues"
							},
							{
								"name": "MLEKOVITA",
								"value": "MLEKOVITA",
								"isSelected": null,
								"count": 6,
								"__typename": "DynamicFilterValues"
							},
							{
								"name": "TESCO free FROM",
								"value": "TESCO free FROM",
								"isSelected": null,
								"count": 6,
								"__typename": "DynamicFilterValues"
							},
							{
								"name": "CROSTA & MOLLICA",
								"value": "CROSTA & MOLLICA",
								"isSelected": null,
								"count": 5,
								"__typename": "DynamicFilterValues"
							},
							{
								"name": "GOOD BOY",
								"value": "GOOD BOY",
								"isSelected": null,
								"count": 5,
								"__typename": "DynamicFilterValues"
							},
							{
								"name": "HEARTY FOOD CO.",
								"value": "HEARTY FOOD CO.",
								"isSelected": null,
								"count": 5,
								"__typename": "DynamicFilterValues"
							},
							{
								"name": "WALKERS",
								"value": "WALKERS",
								"isSelected": null,
								"count": 5,
								"__typename": "DynamicFilterValues"
							},
							{
								"name": "Butlers farmhouse Cheeses",
								"value": "Butlers farmhouse Cheeses",
								"isSelected": null,
								"count": 4,
								"__typename": "DynamicFilterValues"
							},
							{
								"name": "CHICAGO TOWN",
								"value": "CHICAGO TOWN",
								"isSelected": null,
								"count": 4,
								"__typename": "DynamicFilterValues"
							},
							{
								"name": "DAVIDSTOW",
								"value": "DAVIDSTOW",
								"isSelected": null,
								"count": 4,
								"__typename": "DynamicFilterValues"
							},
							{
								"name": "DREAMIES",
								"value": "DREAMIES",
								"isSelected": null,
								"count": 4,
								"__typename": "DynamicFilterValues"
							},
							{
								"name": "JACOB'S",
								"value": "JACOB'S",
								"isSelected": null,
								"count": 4,
								"__typename": "DynamicFilterValues"
							},
							{
								"name": "PRESIDENT",
								"value": "PRESIDENT",
								"isSelected": null,
								"count": 4,
								"__typename": "DynamicFilterValues"
							},
							{
								"name": "PRIMULA",
								"value": "PRIMULA",
								"isSelected": null,
								"count": 4,
								"__typename": "DynamicFilterValues"
							},
							{
								"name": "VIOLIFE",
								"value": "VIOLIFE",
								"isSelected": null,
								"count": 4,
								"__typename": "DynamicFilterValues"
							},
							{
								"name": "ATTACK A SNAK",
								"value": "ATTACK A SNAK",
								"isSelected": null,
								"count": 3,
								"__typename": "DynamicFilterValues"
							},
							{
								"name": "BABYBEL",
								"value": "BABYBEL",
								"isSelected": null,
								"count": 3,
								"__typename": "DynamicFilterValues"
							},
							{
								"name": "BEL",
								"value": "BEL",
								"isSelected": null,
								"count": 3,
								"__typename": "DynamicFilterValues"
							},
							{
								"name": "Bakers",
								"value": "Bakers",
								"isSelected": null,
								"count": 3,
								"__typename": "DynamicFilterValues"
							},
							{
								"name": "CASTELLO",
								"value": "CASTELLO",
								"isSelected": null,
								"count": 3,
								"__typename": "DynamicFilterValues"
							},
							{
								"name": "CHEEZ-IT",
								"value": "CHEEZ-IT",
								"isSelected": null,
								"count": 3,
								"__typename": "DynamicFilterValues"
							},
							{
								"name": "DISCOVER",
								"value": "DISCOVER",
								"isSelected": null,
								"count": 3,
								"__typename": "DynamicFilterValues"
							},
							{
								"name": "DISCOVERIES",
								"value": "DISCOVERIES",
								"isSelected": null,
								"count": 3,
								"__typename": "DynamicFilterValues"
							},
							{
								"name": "DOLMIO",
								"value": "DOLMIO",
								"isSelected": null,
								"count": 3,
								"__typename": "DynamicFilterValues"
							},
							{
								"name": "Doritos",
								"value": "Doritos",
								"isSelected": null,
								"count": 3,
								"__typename": "DynamicFilterValues"
							},
							{
								"name": "Dr. Oetker",
								"value": "Dr. Oetker",
								"isSelected": null,
								"count": 3,
								"__typename": "DynamicFilterValues"
							},
							{
								"name": "GALBANI",
								"value": "GALBANI",
								"isSelected": null,
								"count": 3,
								"__typename": "DynamicFilterValues"
							},
							{
								"name": "Hochland",
								"value": "Hochland",
								"isSelected": null,
								"count": 3,
								"__typename": "DynamicFilterValues"
							},
							{
								"name": "ILCHESTER",
								"value": "ILCHESTER",
								"isSelected": null,
								"count": 3,
								"__typename": "DynamicFilterValues"
							},
							{
								"name": "LACTOFREE",
								"value": "LACTOFREE",
								"isSelected": null,
								"count": 3,
								"__typename": "DynamicFilterValues"
							},
							{
								"name": "MAC 'N' CHEESE HEAD",
								"value": "MAC 'N' CHEESE HEAD",
								"isSelected": null,
								"count": 3,
								"__typename": "DynamicFilterValues"
							},
							{
								"name": "ORGANIX",
								"value": "ORGANIX",
								"isSelected": null,
								"count": 3,
								"__typename": "DynamicFilterValues"
							},
							{
								"name": "SERIOUSLY",
								"value": "SERIOUSLY",
								"isSelected": null,
								"count": 3,
								"__typename": "DynamicFilterValues"
							},
							{
								"name": "Strings & Things",
								"value": "Strings & Things",
								"isSelected": null,
								"count": 3,
								"__typename": "DynamicFilterValues"
							},
							{
								"name": "TESCO PET",
								"value": "TESCO PET",
								"isSelected": null,
								"count": 3,
								"__typename": "DynamicFilterValues"
							},
							{
								"name": "The Laughing Cow",
								"value": "The Laughing Cow",
								"isSelected": null,
								"count": 3,
								"__typename": "DynamicFilterValues"
							},
							{
								"name": "WOTSITS",
								"value": "WOTSITS",
								"isSelected": null,
								"count": 3,
								"__typename": "DynamicFilterValues"
							},
							{
								"name": "boursin",
								"value": "boursin",
								"isSelected": null,
								"count": 3,
								"__typename": "DynamicFilterValues"
							},
							{
								"name": "nairn's",
								"value": "nairn's",
								"isSelected": null,
								"count": 3,
								"__typename": "DynamicFilterValues"
							},
							{
								"name": "?OWICZ",
								"value": "?OWICZ",
								"isSelected": null,
								"count": 2,
								"__typename": "DynamicFilterValues"
							},
							{
								"name": "ALL THE AUNTIES",
								"value": "ALL THE AUNTIES",
								"isSelected": null,
								"count": 2,
								"__typename": "DynamicFilterValues"
							},
							{
								"name": "BAARS",
								"value": "BAARS",
								"isSelected": null,
								"count": 2,
								"__typename": "DynamicFilterValues"
							},
							{
								"name": "BATCHELORS",
								"value": "BATCHELORS",
								"isSelected": null,
								"count": 2,
								"__typename": "DynamicFilterValues"
							},
							{
								"name": "Belton Farm",
								"value": "Belton Farm",
								"isSelected": null,
								"count": 2,
								"__typename": "DynamicFilterValues"
							},
							{
								"name": "Butlers",
								"value": "Butlers",
								"isSelected": null,
								"count": 2,
								"__typename": "DynamicFilterValues"
							},
							{
								"name": "CHEESTRINGS",
								"value": "CHEESTRINGS",
								"isSelected": null,
								"count": 2,
								"__typename": "DynamicFilterValues"
							},
							{
								"name": "CHEETOS",
								"value": "CHEETOS",
								"isSelected": null,
								"count": 2,
								"__typename": "DynamicFilterValues"
							},
							{
								"name": "CLAWSON FARMS",
								"value": "CLAWSON FARMS",
								"isSelected": null,
								"count": 2,
								"__typename": "DynamicFilterValues"
							},
							{
								"name": "EASTMAN'S",
								"value": "EASTMAN'S",
								"isSelected": null,
								"count": 2,
								"__typename": "DynamicFilterValues"
							},
							{
								"name": "EATLEAN",
								"value": "EATLEAN",
								"isSelected": null,
								"count": 2,
								"__typename": "DynamicFilterValues"
							},
							{
								"name": "GINSTERS",
								"value": "GINSTERS",
								"isSelected": null,
								"count": 2,
								"__typename": "DynamicFilterValues"
							},
							{
								"name": "GOLDEN VALE",
								"value": "GOLDEN VALE",
								"isSelected": null,
								"count": 2,
								"__typename": "DynamicFilterValues"
							},
							{
								"name": "GOODFELLA'S",
								"value": "GOODFELLA'S",
								"isSelected": null,
								"count": 2,
								"__typename": "DynamicFilterValues"
							},
							{
								"name": "GREGGS",
								"value": "GREGGS",
								"isSelected": null,
								"count": 2,
								"__typename": "DynamicFilterValues"
							},
							{
								"name": "ISIGNY",
								"value": "ISIGNY",
								"isSelected": null,
								"count": 2,
								"__typename": "DynamicFilterValues"
							},
							{
								"name": "LACIATE",
								"value": "LACIATE",
								"isSelected": null,
								"count": 2,
								"__typename": "DynamicFilterValues"
							},
							{
								"name": "LE RUSTIQUE",
								"value": "LE RUSTIQUE",
								"isSelected": null,
								"count": 2,
								"__typename": "DynamicFilterValues"
							},
							{
								"name": "PIATNICA",
								"value": "PIATNICA",
								"isSelected": null,
								"count": 2,
								"__typename": "DynamicFilterValues"
							},
							{
								"name": "PROPER",
								"value": "PROPER",
								"isSelected": null,
								"count": 2,
								"__typename": "DynamicFilterValues"
							},
							{
								"name": "Pedigree",
								"value": "Pedigree",
								"isSelected": null,
								"count": 2,
								"__typename": "DynamicFilterValues"
							},
							{
								"name": "RUSTLERS",
								"value": "RUSTLERS",
								"isSelected": null,
								"count": 2,
								"__typename": "DynamicFilterValues"
							},
							{
								"name": "ST AGUR",
								"value": "ST AGUR",
								"isSelected": null,
								"count": 2,
								"__typename": "DynamicFilterValues"
							},
							{
								"name": "THE LAUGHING COW",
								"value": "THE LAUGHING COW",
								"isSelected": null,
								"count": 2,
								"__typename": "DynamicFilterValues"
							},
							{
								"name": "mug shot",
								"value": "mug shot",
								"isSelected": null,
								"count": 2,
								"__typename": "DynamicFilterValues"
							},
							{
								"name": "1912",
								"value": "1912",
								"isSelected": null,
								"count": 1,
								"__typename": "DynamicFilterValues"
							},
							{
								"name": "APPETEASERS",
								"value": "APPETEASERS",
								"isSelected": null,
								"count": 1,
								"__typename": "DynamicFilterValues"
							},
							{
								"name": "APPLEWOOD",
								"value": "APPLEWOOD",
								"isSelected": null,
								"count": 1,
								"__typename": "DynamicFilterValues"
							},
							{
								"name": "AUNT BESSIE'S",
								"value": "AUNT BESSIE'S",
								"isSelected": null,
								"count": 1,
								"__typename": "DynamicFilterValues"
							},
							{
								"name": "BANNISTERS FARM",
								"value": "BANNISTERS FARM",
								"isSelected": null,
								"count": 1,
								"__typename": "DynamicFilterValues"
							},
							{
								"name": "BIRDS EYE",
								"value": "BIRDS EYE",
								"isSelected": null,
								"count": 1,
								"__typename": "DynamicFilterValues"
							},
							{
								"name": "BISTO",
								"value": "BISTO",
								"isSelected": null,
								"count": 1,
								"__typename": "DynamicFilterValues"
							},
							{
								"name": "BRESSE BLEU",
								"value": "BRESSE BLEU",
								"isSelected": null,
								"count": 1,
								"__typename": "DynamicFilterValues"
							},
							{
								"name": "CAPRICE",
								"value": "CAPRICE",
								"isSelected": null,
								"count": 1,
								"__typename": "DynamicFilterValues"
							},
							{
								"name": "COCO DI MAMA",
								"value": "COCO DI MAMA",
								"isSelected": null,
								"count": 1,
								"__typename": "DynamicFilterValues"
							},
							{
								"name": "COOK ITALIAN",
								"value": "COOK ITALIAN",
								"isSelected": null,
								"count": 1,
								"__typename": "DynamicFilterValues"
							},
							{
								"name": "CORNISH BLUE",
								"value": "CORNISH BLUE",
								"isSelected": null,
								"count": 1,
								"__typename": "DynamicFilterValues"
							},
							{
								"name": "CRAFT Pizza",
								"value": "CRAFT Pizza",
								"isSelected": null,
								"count": 1,
								"__typename": "DynamicFilterValues"
							},
							{
								"name": "CRICKET",
								"value": "CRICKET",
								"isSelected": null,
								"count": 1,
								"__typename": "DynamicFilterValues"
							},
							{
								"name": "Carr's",
								"value": "Carr's",
								"isSelected": null,
								"count": 1,
								"__typename": "DynamicFilterValues"
							},
							{
								"name": "EAT REAL",
								"value": "EAT REAL",
								"isSelected": null,
								"count": 1,
								"__typename": "DynamicFilterValues"
							},
							{
								"name": "Ella's kitchen",
								"value": "Ella's kitchen",
								"isSelected": null,
								"count": 1,
								"__typename": "DynamicFilterValues"
							},
							{
								"name": "FRESH IDEAS",
								"value": "FRESH IDEAS",
								"isSelected": null,
								"count": 1,
								"__typename": "DynamicFilterValues"
							},
							{
								"name": "GRAND NOIR",
								"value": "GRAND NOIR",
								"isSelected": null,
								"count": 1,
								"__typename": "DynamicFilterValues"
							},
							{
								"name": "Goodies",
								"value": "Goodies",
								"isSelected": null,
								"count": 1,
								"__typename": "DynamicFilterValues"
							},
							{
								"name": "HAWES TRAD",
								"value": "HAWES TRAD",
								"isSelected": null,
								"count": 1,
								"__typename": "DynamicFilterValues"
							},
							{
								"name": "HIKARI",
								"value": "HIKARI",
								"isSelected": null,
								"count": 1,
								"__typename": "DynamicFilterValues"
							},
							{
								"name": "HOMEPRIDE",
								"value": "HOMEPRIDE",
								"isSelected": null,
								"count": 1,
								"__typename": "DynamicFilterValues"
							},
							{
								"name": "HOVIS",
								"value": "HOVIS",
								"isSelected": null,
								"count": 1,
								"__typename": "DynamicFilterValues"
							},
							{
								"name": "Haute Fromagerie",
								"value": "Haute Fromagerie",
								"isSelected": null,
								"count": 1,
								"__typename": "DynamicFilterValues"
							},
							{
								"name": "IVY'S",
								"value": "IVY'S",
								"isSelected": null,
								"count": 1,
								"__typename": "DynamicFilterValues"
							},
							{
								"name": "Joseph Heler",
								"value": "Joseph Heler",
								"isSelected": null,
								"count": 1,
								"__typename": "DynamicFilterValues"
							},
							{
								"name": "KRAFT",
								"value": "KRAFT",
								"isSelected": null,
								"count": 1,
								"__typename": "DynamicFilterValues"
							},
							{
								"name": "LA VIE",
								"value": "LA VIE",
								"isSelected": null,
								"count": 1,
								"__typename": "DynamicFilterValues"
							},
							{
								"name": "LEERDAMMER",
								"value": "LEERDAMMER",
								"isSelected": null,
								"count": 1,
								"__typename": "DynamicFilterValues"
							},
							{
								"name": "LINDA McCARTNEY'S",
								"value": "LINDA McCARTNEY'S",
								"isSelected": null,
								"count": 1,
								"__typename": "DynamicFilterValues"
							},
							{
								"name": "LONG CLAWSON",
								"value": "LONG CLAWSON",
								"isSelected": null,
								"count": 1,
								"__typename": "DynamicFilterValues"
							},
							{
								"name": "La Famiglia RANA",
								"value": "La Famiglia RANA",
								"isSelected": null,
								"count": 1,
								"__typename": "DynamicFilterValues"
							},
							{
								"name": "MARMITE",
								"value": "MARMITE",
								"isSelected": null,
								"count": 1,
								"__typename": "DynamicFilterValues"
							},
							{
								"name": "MASH DIRECT",
								"value": "MASH DIRECT",
								"isSelected": null,
								"count": 1,
								"__typename": "DynamicFilterValues"
							},
							{
								"name": "MCCAIN",
								"value": "MCCAIN",
								"isSelected": null,
								"count": 1,
								"__typename": "DynamicFilterValues"
							},
							{
								"name": "MEXICANA",
								"value": "MEXICANA",
								"isSelected": null,
								"count": 1,
								"__typename": "DynamicFilterValues"
							},
							{
								"name": "McVitie's",
								"value": "McVitie's",
								"isSelected": null,
								"count": 1,
								"__typename": "DynamicFilterValues"
							},
							{
								"name": "OLD AMSTERDAM",
								"value": "OLD AMSTERDAM",
								"isSelected": null,
								"count": 1,
								"__typename": "DynamicFilterValues"
							},
							{
								"name": "ORKNEY",
								"value": "ORKNEY",
								"isSelected": null,
								"count": 1,
								"__typename": "DynamicFilterValues"
							},
							{
								"name": "PEPERAMI",
								"value": "PEPERAMI",
								"isSelected": null,
								"count": 1,
								"__typename": "DynamicFilterValues"
							},
							{
								"name": "PIZZA EXPRESS",
								"value": "PIZZA EXPRESS",
								"isSelected": null,
								"count": 1,
								"__typename": "DynamicFilterValues"
							},
							{
								"name": "PRINGLES",
								"value": "PRINGLES",
								"isSelected": null,
								"count": 1,
								"__typename": "DynamicFilterValues"
							},
							{
								"name": "PUCK",
								"value": "PUCK",
								"isSelected": null,
								"count": 1,
								"__typename": "DynamicFilterValues"
							},
							{
								"name": "PUKKA PIES",
								"value": "PUKKA PIES",
								"isSelected": null,
								"count": 1,
								"__typename": "DynamicFilterValues"
							},
							{
								"name": "QUAVERS",
								"value": "QUAVERS",
								"isSelected": null,
								"count": 1,
								"__typename": "DynamicFilterValues"
							},
							{
								"name": "QUORN",
								"value": "QUORN",
								"isSelected": null,
								"count": 1,
								"__typename": "DynamicFilterValues"
							},
							{
								"name": "RISTORANTE",
								"value": "RISTORANTE",
								"isSelected": null,
								"count": 1,
								"__typename": "DynamicFilterValues"
							},
							{
								"name": "RITZ",
								"value": "RITZ",
								"isSelected": null,
								"count": 1,
								"__typename": "DynamicFilterValues"
							},
							{
								"name": "RYVITA",
								"value": "RYVITA",
								"isSelected": null,
								"count": 1,
								"__typename": "DynamicFilterValues"
							},
							{
								"name": "SAMYANG",
								"value": "SAMYANG",
								"isSelected": null,
								"count": 1,
								"__typename": "DynamicFilterValues"
							},
							{
								"name": "SHEPHERDS PURSE",
								"value": "SHEPHERDS PURSE",
								"isSelected": null,
								"count": 1,
								"__typename": "DynamicFilterValues"
							},
							{
								"name": "SIERPC",
								"value": "SIERPC",
								"isSelected": null,
								"count": 1,
								"__typename": "DynamicFilterValues"
							},
							{
								"name": "TESCO KIDS",
								"value": "TESCO KIDS",
								"isSelected": null,
								"count": 1,
								"__typename": "DynamicFilterValues"
							},
							{
								"name": "THE GYM KITCHEN",
								"value": "THE GYM KITCHEN",
								"isSelected": null,
								"count": 1,
								"__typename": "DynamicFilterValues"
							},
							{
								"name": "U JEDRUSIA",
								"value": "U JEDRUSIA",
								"isSelected": null,
								"count": 1,
								"__typename": "DynamicFilterValues"
							},
							{
								"name": "Val de Lou",
								"value": "Val de Lou",
								"isSelected": null,
								"count": 1,
								"__typename": "DynamicFilterValues"
							},
							{
								"name": "WALKERS MAX",
								"value": "WALKERS MAX",
								"isSelected": null,
								"count": 1,
								"__typename": "DynamicFilterValues"
							},
							{
								"name": "WENSLEYDALE CREAMERY",
								"value": "WENSLEYDALE CREAMERY",
								"isSelected": null,
								"count": 1,
								"__typename": "DynamicFilterValues"
							},
							{
								"name": "Wagg",
								"value": "Wagg",
								"isSelected": null,
								"count": 1,
								"__typename": "DynamicFilterValues"
							},
							{
								"name": "Webbox",
								"value": "Webbox",
								"isSelected": null,
								"count": 1,
								"__typename": "DynamicFilterValues"
							},
							{
								"name": "YAMAS",
								"value": "YAMAS",
								"isSelected": null,
								"count": 1,
								"__typename": "DynamicFilterValues"
							},
							{
								"name": "YOPOKKI",
								"value": "YOPOKKI",
								"isSelected": null,
								"count": 1,
								"__typename": "DynamicFilterValues"
							},
							{
								"name": "graham's THE family DAIRY",
								"value": "graham's THE family DAIRY",
								"isSelected": null,
								"count": 1,
								"__typename": "DynamicFilterValues"
							},
							{
								"name": "juveLa",
								"value": "juveLa",
								"isSelected": null,
								"count": 1,
								"__typename": "DynamicFilterValues"
							}
						],
						"multiplicity": "multiple",
						"metadata": null
					},
					{
						"__typename": "FacetListType",
						"id": "dietaries",
						"name": "Lifestyle & Dietary",
						"type": "list",
						"listValues": [
							{
								"name": "Low sugar",
								"value": "Low sugar",
								"isSelected": null,
								"count": 464,
								"__typename": "DynamicFilterValues"
							},
							{
								"name": "Vegetarian",
								"value": "Vegetarian",
								"isSelected": null,
								"count": 457,
								"__typename": "DynamicFilterValues"
							},
							{
								"name": "Pescetarian",
								"value": "Pescetarian",
								"isSelected": null,
								"count": 452,
								"__typename": "DynamicFilterValues"
							},
							{
								"name": "No egg",
								"value": "No egg",
								"isSelected": null,
								"count": 405,
								"__typename": "DynamicFilterValues"
							},
							{
								"name": "No soya",
								"value": "No soya",
								"isSelected": null,
								"count": 385,
								"__typename": "DynamicFilterValues"
							},
							{
								"name": "Halal",
								"value": "Halal",
								"isSelected": null,
								"count": 351,
								"__typename": "DynamicFilterValues"
							},
							{
								"name": "No gluten",
								"value": "No gluten",
								"isSelected": null,
								"count": 299,
								"__typename": "DynamicFilterValues"
							},
							{
								"name": "Lacto-vegetarian",
								"value": "Lacto-vegetarian",
								"isSelected": null,
								"count": 280,
								"__typename": "DynamicFilterValues"
							},
							{
								"name": "Sugar free",
								"value": "Sugar free",
								"isSelected": null,
								"count": 204,
								"__typename": "DynamicFilterValues"
							},
							{
								"name": "Source of fibre",
								"value": "Source of fibre",
								"isSelected": null,
								"count": 46,
								"__typename": "DynamicFilterValues"
							},
							{
								"name": "No lactose",
								"value": "No lactose",
								"isSelected": null,
								"count": 23,
								"__typename": "DynamicFilterValues"
							},
							{
								"name": "Ovo-vegetarian",
								"value": "Ovo-vegetarian",
								"isSelected": null,
								"count": 21,
								"__typename": "DynamicFilterValues"
							},
							{
								"name": "Vegan",
								"value": "Vegan",
								"isSelected": null,
								"count": 21,
								"__typename": "DynamicFilterValues"
							},
							{
								"name": "Low saturated fat",
								"value": "Low saturated fat",
								"isSelected": null,
								"count": 17,
								"__typename": "DynamicFilterValues"
							},
							{
								"name": "Low salt",
								"value": "Low salt",
								"isSelected": null,
								"count": 15,
								"__typename": "DynamicFilterValues"
							},
							{
								"name": "No milk",
								"value": "No milk",
								"isSelected": null,
								"count": 12,
								"__typename": "DynamicFilterValues"
							},
							{
								"name": "Low fat",
								"value": "Low fat",
								"isSelected": null,
								"count": 10,
								"__typename": "DynamicFilterValues"
							},
							{
								"name": "Organic",
								"value": "Organic",
								"isSelected": null,
								"count": 7,
								"__typename": "DynamicFilterValues"
							},
							{
								"name": "High fibre",
								"value": "High fibre",
								"isSelected": null,
								"count": 6,
								"__typename": "DynamicFilterValues"
							},
							{
								"name": "1 of 5 a day",
								"value": "1 of 5 a day",
								"isSelected": null,
								"count": 5,
								"__typename": "DynamicFilterValues"
							},
							{
								"name": "Kosher",
								"value": "Kosher",
								"isSelected": null,
								"count": 4,
								"__typename": "DynamicFilterValues"
							}
						],
						"multiplicity": "multiple",
						"metadata": {
							"description": "Filters should not be used as an alternative to medical advice. Always check the label.",
							"footerText": "In partnership with SpoonGuru.",
							"linkText": "Find out more about each filter",
							"linkUrl": "https://www.tesco.com/groceries/zone/general-terms-and-conditions#Dietary",
							"__typename": "Metadata"
						}
					},
					{
						"__typename": "FacetListType",
						"id": "itemType",
						"name": "Item Type",
						"type": "list",
						"listValues": [
							{
								"name": "Cheese",
								"value": "Cheese",
								"isSelected": null,
								"count": 200,
								"__typename": "DynamicFilterValues"
							},
							{
								"name": "Prepared Appetizers & Side Dishes",
								"value": "Prepared Appetizers & Side Dishes",
								"isSelected": null,
								"count": 32,
								"__typename": "DynamicFilterValues"
							},
							{
								"name": "Prepared Meals & Entr\u00e9es",
								"value": "Prepared Meals & Entr\u00e9es",
								"isSelected": null,
								"count": 31,
								"__typename": "DynamicFilterValues"
							},
							{
								"name": "Pies & Tarts",
								"value": "Pies & Tarts",
								"isSelected": null,
								"count": 20,
								"__typename": "DynamicFilterValues"
							},
							{
								"name": "Crackers",
								"value": "Crackers",
								"isSelected": null,
								"count": 13,
								"__typename": "DynamicFilterValues"
							},
							{
								"name": "Chips",
								"value": "Chips",
								"isSelected": null,
								"count": 12,
								"__typename": "DynamicFilterValues"
							},
							{
								"name": "Dog Treats",
								"value": "Dog Treats",
								"isSelected": null,
								"count": 12,
								"__typename": "DynamicFilterValues"
							},
							{
								"name": "Pasta & Noodles",
								"value": "Pasta & Noodles",
								"isSelected": null,
								"count": 10,
								"__typename": "DynamicFilterValues"
							},
							{
								"name": "Cat Treats",
								"value": "Cat Treats",
								"isSelected": null,
								"count": 7,
								"__typename": "DynamicFilterValues"
							},
							{
								"name": "Cream Cheese",
								"value": "Cream Cheese",
								"isSelected": null,
								"count": 7,
								"__typename": "DynamicFilterValues"
							},
							{
								"name": "Chicken",
								"value": "Chicken",
								"isSelected": null,
								"count": 6,
								"__typename": "DynamicFilterValues"
							},
							{
								"name": "Baby Snacks",
								"value": "Baby Snacks",
								"isSelected": null,
								"count": 5,
								"__typename": "DynamicFilterValues"
							},
							{
								"name": "Breads & Buns",
								"value": "Breads & Buns",
								"isSelected": null,
								"count": 5,
								"__typename": "DynamicFilterValues"
							},
							{
								"name": "Lunch & Deli Meats",
								"value": "Lunch & Deli Meats",
								"isSelected": null,
								"count": 5,
								"__typename": "DynamicFilterValues"
							},
							{
								"name": "Cottage Cheese",
								"value": "Cottage Cheese",
								"isSelected": null,
								"count": 3,
								"__typename": "DynamicFilterValues"
							},
							{
								"name": "Baking Mixes",
								"value": "Baking Mixes",
								"isSelected": null,
								"count": 2,
								"__typename": "DynamicFilterValues"
							},
							{
								"name": "Cauliflower",
								"value": "Cauliflower",
								"isSelected": null,
								"count": 2,
								"__typename": "DynamicFilterValues"
							},
							{
								"name": "Cheese Alternatives",
								"value": "Cheese Alternatives",
								"isSelected": null,
								"count": 2,
								"__typename": "DynamicFilterValues"
							},
							{
								"name": "Pastries & Scones",
								"value": "Pastries & Scones",
								"isSelected": null,
								"count": 2,
								"__typename": "DynamicFilterValues"
							},
							{
								"name": "Pork",
								"value": "Pork",
								"isSelected": null,
								"count": 2,
								"__typename": "DynamicFilterValues"
							},
							{
								"name": "Baby Food",
								"value": "Baby Food",
								"isSelected": null,
								"count": 1,
								"__typename": "DynamicFilterValues"
							},
							{
								"name": "Bakery Assortments",
								"value": "Bakery Assortments",
								"isSelected": null,
								"count": 1,
								"__typename": "DynamicFilterValues"
							},
							{
								"name": "Fresh & Frozen Seafood",
								"value": "Fresh & Frozen Seafood",
								"isSelected": null,
								"count": 1,
								"__typename": "DynamicFilterValues"
							},
							{
								"name": "Jerky",
								"value": "Jerky",
								"isSelected": null,
								"count": 1,
								"__typename": "DynamicFilterValues"
							},
							{
								"name": "Nuts & Seeds",
								"value": "Nuts & Seeds",
								"isSelected": null,
								"count": 1,
								"__typename": "DynamicFilterValues"
							},
							{
								"name": "Potatoes",
								"value": "Potatoes",
								"isSelected": null,
								"count": 1,
								"__typename": "DynamicFilterValues"
							},
							{
								"name": "Puffed Rice Cakes",
								"value": "Puffed Rice Cakes",
								"isSelected": null,
								"count": 1,
								"__typename": "DynamicFilterValues"
							},
							{
								"name": "Sour Cream",
								"value": "Sour Cream",
								"isSelected": null,
								"count": 1,
								"__typename": "DynamicFilterValues"
							},
							{
								"name": "Tortillas & Wraps",
								"value": "Tortillas & Wraps",
								"isSelected": null,
								"count": 1,
								"__typename": "DynamicFilterValues"
							}
						],
						"multiplicity": "multiple",
						"metadata": null
					}
				],
				"options": {
					"sortBy": [
						"relevance",
						"price-ascending",
						"price-descending"
					],
					"__typename": "ListOptionsType"
				},
				"__typename": "ProductListType"
			}
		},
		"status": 200
	}
]