{
	"results": [
		{
			"hits": [
				{
					"ID": "910000455372",
					"STATUS": "A",
					"PHARMACY_RESTRICTED": false,
					"CIN": "3658568",
					"START_DATE": -2208945600.0,
					"END_DATE": 1924948800.0,
					"NAME": "Mature Cheddar Cheese",
					"CS_YES": false,
					"SHOW_PRICE_CS": true,
					"SALES_TYPE": "Each",
					"IMAGE_ID": "5000295142893",
					"BRAND": "Cathedral City",
					"IS_BWS": false,
					"IS_FROZEN": false,
					"IS_SPONSORED": false,
					"PRICES": {
						"EN": {
							"OFFER": "Rollback",
							"PRICE": 2.93,
							"WASPRICE": 3.58,
							"PRICEPERUOM": 8.37143,
							"PRICEPERUOMFORMATTED": "£8.37/KG"
						}
					},
					"PRIMARY_TAXONOMY": {
						"CAT_ID": "1215660378320",
						"CAT_NAME": "Chilled Food",
						"DEPT_ID": "1215341805721",
						"DEPT_NAME": "Cheese",
						"AISLE_ID": "1215341805765",
						"AISLE_NAME": "Cheddar & Regional Cheese",
						"SHELF_ID": "1215341808760",
						"SHELF_NAME": "Mature Cheese"
					},
					"IS_FTO": false,
					"PRODUCT_TYPE": "STANDARD",
					"AVG_RATING": 4.7652,
					"RATING_COUNT": 328.0,
					"ICONS": [
						{
							"ID": "55200006",
							"ICON_NAME": "_008_RedTractorAUTO",
							"CLICKABLE": true,
							"IMAGE_URL": "https://ui.assets-asda.com/dm/_008_redtractor?&$icon-wapp$",
							"START_DATE": 1609329600,
							"END_DATE": 1682510400,
							"PRIORITY": 5354.0
						}
					],
					"PACK_SIZE": "350G",
					"STOCK": {
						"4565": 999
					},
					"MAX_QTY": 10,
					"objectID": "3658568",
					"_highlightResult": {
						"ID": {
							"value": "910000455372",
							"matchLevel": "none",
							"matchedWords": []
						},
						"CIN": {
							"value": "3658568",
							"matchLevel": "none",
							"matchedWords": []
						},
						"NAME": {
							"value": "Mature Cheddar <em>Cheese</em>",
							"matchLevel": "full",
							"fullyHighlighted": false,
							"matchedWords": [
								"cheese"
							]
						},
						"BRAND": {
							"value": "Cathedral City",
							"matchLevel": "none",
							"matchedWords": []
						},
						"PRIMARY_TAXONOMY": {
							"AISLE_NAME": {
								"value": "Cheddar & Regional <em>Cheese</em>",
								"matchLevel": "full",
								"fullyHighlighted": false,
								"matchedWords": [
									"cheese"
								]
							},
							"SHELF_NAME": {
								"value": "Mature <em>Cheese</em>",
								"matchLevel": "full",
								"fullyHighlighted": false,
								"matchedWords": [
									"cheese"
								]
							}
						},
						"LIFESTYLES": [
							{
								"value": "Suitable for Vegetarians",
								"matchLevel": "none",
								"matchedWords": []
							}
						]
					}
				},
				{
					"ID": "910001183647",
					"STATUS": "A",
					"PHARMACY_RESTRICTED": false,
					"CIN": "4450493",
					"START_DATE": -2208945600.0,
					"END_DATE": 1924948800.0,
					"NAME": "Grated Cheddar 500g",
					"CS_YES": false,
					"SHOW_PRICE_CS": true,
					"SALES_TYPE": "Each",
					"IMAGE_ID": "5054070071311",
					"BRAND": "JUST ESSENTIALS by ASDA",
					"IS_BWS": false,
					"IS_FROZEN": false,
					"IS_SPONSORED": false,
					"PRICES": {
						"EN": {
							"OFFER": "List",
							"PRICE": 2.99,
							"PRICEPERUOM": 5.98,
							"PRICEPERUOMFORMATTED": "£5.98/KG"
						}
					},
					"PRIMARY_TAXONOMY": {
						"CAT_ID": "1215660378320",
						"CAT_NAME": "Chilled Food",
						"DEPT_ID": "1215341805721",
						"DEPT_NAME": "Cheese",
						"AISLE_ID": "1215341805765",
						"AISLE_NAME": "Cheddar & Regional Cheese",
						"SHELF_ID": "1215626750653",
						"SHELF_NAME": "Grated & Sliced Cheese"
					},
					"IS_FTO": false,
					"PRODUCT_TYPE": "STANDARD",
					"AVG_RATING": 3.5645,
					"RATING_COUNT": 186.0,
					"ICONS": [
						{
							"ID": "51000002",
							"ICON_NAME": "801_NoShellfish",
							"CLICKABLE": false,
							"IMAGE_URL": "https://ui.assets-asda.com/dm/_000_Icon?&$Icon-wapp$",
							"START_DATE": 1551700800,
							"END_DATE": 1551873600,
							"PRIORITY": 10440.0
						},
						{
							"ID": "55200006",
							"ICON_NAME": "_008_RedTractorAUTO",
							"CLICKABLE": true,
							"IMAGE_URL": "https://ui.assets-asda.com/dm/_008_redtractor?&$icon-wapp$",
							"START_DATE": 1609329600,
							"END_DATE": 1682510400,
							"PRIORITY": 5354.0
						}
					],
					"PACK_SIZE": "500G",
					"STOCK": {
						"4565": 999
					},
					"MAX_QTY": 24,
					"objectID": "4450493",
					"_highlightResult": {
						"ID": {
							"value": "910001183647",
							"matchLevel": "none",
							"matchedWords": []
						},
						"CIN": {
							"value": "4450493",
							"matchLevel": "none",
							"matchedWords": []
						},
						"NAME": {
							"value": "Grated Cheddar 500g",
							"matchLevel": "none",
							"matchedWords": []
						},
						"BRAND": {
							"value": "JUST ESSENTIALS by ASDA",
							"matchLevel": "none",
							"matchedWords": []
						},
						"PRIMARY_TAXONOMY": {
							"AISLE_NAME": {
								"value": "Cheddar & Regional <em>Cheese</em>",
								"matchLevel": "full",
								"fullyHighlighted": false,
								"matchedWords": [
									"cheese"
								]
							},
							"SHELF_NAME": {
								"value": "Grated & Sliced <em>Cheese</em>",
								"matchLevel": "full",
								"fullyHighlighted": false,
								"matchedWords": [
									"cheese"
								]
							}
						},
						"LIFESTYLES": [
							{
								"value": "Suitable for Vegetarians",
								"matchLevel": "none",
								"matchedWords": []
							}
						]
					}
				},
				{
					"ID": "910001256210",
					"STATUS": "A",
					"PHARMACY_RESTRICTED": false,
					"CIN": "4545233",
					"START_DATE": -2208945600.0,
					"END_DATE": 1924948800.0,
					"NAME": "British 10 Mature Cheddar Cheese Slices",
					"CS_YES": false,
					"SHOW_PRICE_CS": true,
					"SALES_TYPE": "Each",
					"IMAGE_ID": "5054070150351",
					"BRAND": "ASDA",
					"IS_BWS": false,
					"IS_FROZEN": false,
					"IS_SPONSORED": false,
					"PRICES": {
						"EN": {
							"OFFER": "List",
							"PRICE": 2.54,
							"PRICEPERUOM": 10.16,
							"PRICEPERUOMFORMATTED": "£10.16/KG"
						}
					},
					"PRIMARY_TAXONOMY": {
						"CAT_ID": "1215660378320",
						"CAT_NAME": "Chilled Food",
						"DEPT_ID": "1215341805721",
						"DEPT_NAME": "Cheese",
						"AISLE_ID": "1215341805765",
						"AISLE_NAME": "Cheddar & Regional Cheese",
						"SHELF_ID": "1215626750653",
						"SHELF_NAME": "Grated & Sliced Cheese"
					},
					"IS_FTO": false,
					"PRODUCT_TYPE": "STANDARD",
					"AVG_RATING": 4.3101,
					"RATING_COUNT": 129.0,
					"PROMOS": {
						"EN": [
							{
								"ID": "10000479757",
								"NAME": "Any 2 for £4.48",
								"END_DATE": 1767225599.0,
								"START_DATE": 1755820800.0,
								"TYPE": 15
							}
						]
					},
					"ICONS": [
						{
							"ID": "51000002",
							"ICON_NAME": "801_NoShellfish",
							"CLICKABLE": false,
							"IMAGE_URL": "https://ui.assets-asda.com/dm/_000_Icon?&$Icon-wapp$",
							"START_DATE": 1551700800,
							"END_DATE": 1551873600,
							"PRIORITY": 10440.0
						},
						{
							"ID": "55200006",
							"ICON_NAME": "_008_RedTractorAUTO",
							"CLICKABLE": true,
							"IMAGE_URL": "https://ui.assets-asda.com/dm/_008_redtractor?&$icon-wapp$",
							"START_DATE": 1609329600,
							"END_DATE": 1682510400,
							"PRIORITY": 5354.0
						},
						{
							"ID": "1215429129918",
							"ICON_NAME": "_043_British",
							"CLICKABLE": true,
							"IMAGE_URL": "https://ui.assets-asda.com/dm/_043_british?",
							"END_DATE": 1682510400,
							"PRIORITY": 5435.0
						},
						{
							"ID": "1215559958453",
							"ICON_NAME": "_122_farmerowned",
							"CLICKABLE": true,
							"IMAGE_URL": "https://ui.assets-asda.com/dm/_122_farmerowned?",
							"END_DATE": 1682510400,
							"PRIORITY": 1562.0
						}
					],
					"PACK_SIZE": "250G",
					"STOCK": {
						"4565": 999
					},
					"MAX_QTY": 10,
					"objectID": "4545233",
					"_highlightResult": {
						"ID": {
							"value": "910001256210",
							"matchLevel": "none",
							"matchedWords": []
						},
						"CIN": {
							"value": "4545233",
							"matchLevel": "none",
							"matchedWords": []
						},
						"NAME": {
							"value": "British 10 Mature Cheddar <em>Cheese</em> Slices",
							"matchLevel": "full",
							"fullyHighlighted": false,
							"matchedWords": [
								"cheese"
							]
						},
						"KEYWORDS": {
							"value": "packed lunch,burger <em>cheese</em>,pack lunch,sandwich fillings",
							"matchLevel": "full",
							"fullyHighlighted": false,
							"matchedWords": [
								"cheese"
							]
						},
						"BRAND": {
							"value": "ASDA",
							"matchLevel": "none",
							"matchedWords": []
						},
						"PRIMARY_TAXONOMY": {
							"AISLE_NAME": {
								"value": "Cheddar & Regional <em>Cheese</em>",
								"matchLevel": "full",
								"fullyHighlighted": false,
								"matchedWords": [
									"cheese"
								]
							},
							"SHELF_NAME": {
								"value": "Grated & Sliced <em>Cheese</em>",
								"matchLevel": "full",
								"fullyHighlighted": false,
								"matchedWords": [
									"cheese"
								]
							}
						},
						"LIFESTYLES": [
							{
								"value": "Suitable for Vegetarians",
								"matchLevel": "none",
								"matchedWords": []
							}
						]
					}
				},
				{
					"ID": "1000383142979",
					"STATUS": "A",
					"PHARMACY_RESTRICTED": false,
					"CIN": "7498003",
					"START_DATE": 1673438400.0,
					"END_DATE": 1924948800.0,
					"NAME": "Mature White Cheddar Cheese",
					"CS_YES": false,
					"SHOW_PRICE_CS": true,
					"SALES_TYPE": "Each",
					"IMAGE_ID": "5063089019818",
					"BRAND": "JUST ESSENTIALS by ASDA",
					"IS_BWS": false,
					"IS_FROZEN": false,
					"IS_SPONSORED": false,
					"PRICES": {
						"EN": {
							"OFFER": "List",
							"PRICE": 2.79,
							"PRICEPERUOM": 6.975,
							"PRICEPERUOMFORMATTED": "£6.98/KG"
						}
					},
					"PRIMARY_TAXONOMY": {
						"CAT_ID": "1215660378320",
						"CAT_NAME": "Chilled Food",
						"DEPT_ID": "1215341805721",
						"DEPT_NAME": "Cheese",
						"AISLE_ID": "1215341805765",
						"AISLE_NAME": "Cheddar & Regional Cheese",
						"SHELF_ID": "1215341808760",
						"SHELF_NAME": "Mature Cheese"
					},
					"IS_FTO": false,
					"PRODUCT_TYPE": "STANDARD",
					"AVG_RATING": 2.525,
					"RATING_COUNT": 80.0,
					"ICONS": [
						{
							"ID": "51000002",
							"ICON_NAME": "801_NoShellfish",
							"CLICKABLE": false,
							"IMAGE_URL": "https://ui.assets-asda.com/dm/_000_Icon?&$Icon-wapp$",
							"START_DATE": 1551700800,
							"END_DATE": 1551873600,
							"PRIORITY": 10440.0
						}
					],
					"PACK_SIZE": "400G",
					"STOCK": {
						"4565": 999
					},
					"MAX_QTY": 10,
					"objectID": "7498003",
					"_highlightResult": {
						"ID": {
							"value": "1000383142979",
							"matchLevel": "none",
							"matchedWords": []
						},
						"CIN": {
							"value": "7498003",
							"matchLevel": "none",
							"matchedWords": []
						},
						"NAME": {
							"value": "Mature White Cheddar <em>Cheese</em>",
							"matchLevel": "full",
							"fullyHighlighted": false,
							"matchedWords": [
								"cheese"
							]
						},
						"BRAND": {
							"value": "JUST ESSENTIALS by ASDA",
							"matchLevel": "none",
							"matchedWords": []
						},
						"PRIMARY_TAXONOMY": {
							"AISLE_NAME": {
								"value": "Cheddar & Regional <em>Cheese</em>",
								"matchLevel": "full",
								"fullyHighlighted": false,
								"matchedWords": [
									"cheese"
								]
							},
							"SHELF_NAME": {
								"value": "Mature <em>Cheese</em>",
								"matchLevel": "full",
								"fullyHighlighted": false,
								"matchedWords": [
									"cheese"
								]
							}
						},
						"LIFESTYLES": [
							{
								"value": "Suitable for Vegetarians",
								"matchLevel": "none",
								"matchedWords": []
							}
						]
					}
				},
				{
					"ID": "910001331807",
					"STATUS": "A",
					"PHARMACY_RESTRICTED": false,
					"CIN": "4642107",
					"START_DATE": -2208945600.0,
					"END_DATE": 1924948800.0,
					"NAME": "British Mature Grated Cheddar 250g",
					"CS_YES": false,
					"SHOW_PRICE_CS": true,
					"SALES_TYPE": "Each",
					"IMAGE_ID": "5054070275603",
					"BRAND": "ASDA",
					"IS_BWS": false,
					"IS_FROZEN": false,
					"IS_SPONSORED": false,
					"PRICES": {
						"EN": {
							"OFFER": "List",
							"PRICE": 2.54,
							"PRICEPERUOM": 10.16,
							"PRICEPERUOMFORMATTED": "£10.16/KG"
						}
					},
					"PRIMARY_TAXONOMY": {
						"CAT_ID": "1215660378320",
						"CAT_NAME": "Chilled Food",
						"DEPT_ID": "1215341805721",
						"DEPT_NAME": "Cheese",
						"AISLE_ID": "1215341805765",
						"AISLE_NAME": "Cheddar & Regional Cheese",
						"SHELF_ID": "1215626750653",
						"SHELF_NAME": "Grated & Sliced Cheese"
					},
					"IS_FTO": false,
					"PRODUCT_TYPE": "STANDARD",
					"AVG_RATING": 4.401,
					"RATING_COUNT": 192.0,
					"PROMOS": {
						"EN": [
							{
								"ID": "10000479757",
								"NAME": "Any 2 for £4.48",
								"END_DATE": 1767225599.0,
								"START_DATE": 1755820800.0,
								"TYPE": 15
							}
						]
					},
					"ICONS": [
						{
							"ID": "51000002",
							"ICON_NAME": "801_NoShellfish",
							"CLICKABLE": false,
							"IMAGE_URL": "https://ui.assets-asda.com/dm/_000_Icon?&$Icon-wapp$",
							"START_DATE": 1551700800,
							"END_DATE": 1551873600,
							"PRIORITY": 10440.0
						},
						{
							"ID": "55200006",
							"ICON_NAME": "_008_RedTractorAUTO",
							"CLICKABLE": true,
							"IMAGE_URL": "https://ui.assets-asda.com/dm/_008_redtractor?&$icon-wapp$",
							"START_DATE": 1609329600,
							"END_DATE": 1682510400,
							"PRIORITY": 5354.0
						},
						{
							"ID": "1215429129918",
							"ICON_NAME": "_043_British",
							"CLICKABLE": true,
							"IMAGE_URL": "https://ui.assets-asda.com/dm/_043_british?",
							"END_DATE": 1682510400,
							"PRIORITY": 5435.0
						},
						{
							"ID": "1215559958453",
							"ICON_NAME": "_122_farmerowned",
							"CLICKABLE": true,
							"IMAGE_URL": "https://ui.assets-asda.com/dm/_122_farmerowned?",
							"END_DATE": 1682510400,
							"PRIORITY": 1562.0
						}
					],
					"PACK_SIZE": "250G",
					"STOCK": {
						"4565": 999
					},
					"MAX_QTY": 10,
					"objectID": "4642107",
					"_highlightResult": {
						"ID": {
							"value": "910001331807",
							"matchLevel": "none",
							"matchedWords": []
						},
						"CIN": {
							"value": "4642107",
							"matchLevel": "none",
							"matchedWords": []
						},
						"NAME": {
							"value": "British Mature Grated Cheddar 250g",
							"matchLevel": "none",
							"matchedWords": []
						},
						"BRAND": {
							"value": "ASDA",
							"matchLevel": "none",
							"matchedWords": []
						},
						"PRIMARY_TAXONOMY": {
							"AISLE_NAME": {
								"value": "Cheddar & Regional <em>Cheese</em>",
								"matchLevel": "full",
								"fullyHighlighted": false,
								"matchedWords": [
									"cheese"
								]
							},
							"SHELF_NAME": {
								"value": "Grated & Sliced <em>Cheese</em>",
								"matchLevel": "full",
								"fullyHighlighted": false,
								"matchedWords": [
									"cheese"
								]
							}
						},
						"LIFESTYLES": [
							{
								"value": "Suitable for Vegetarians",
								"matchLevel": "none",
								"matchedWords": []
							}
						]
					}
				},
				{
					"ID": "1000242609281",
					"STATUS": "A",
					"PHARMACY_RESTRICTED": false,
					"CIN": "6793868",
					"START_DATE": 1603195200.0,
					"END_DATE": 1924948800.0,
					"NAME": "British Mature Cheddar Cheese 400g",
					"CS_YES": false,
					"SHOW_PRICE_CS": true,
					"SALES_TYPE": "Each",
					"IMAGE_ID": "5057172404711",
					"BRAND": "ASDA",
					"IS_BWS": false,
					"IS_FROZEN": false,
					"IS_SPONSORED": false,
					"PRICES": {
						"EN": {
							"OFFER": "List",
							"PRICE": 3.24,
							"PRICEPERUOM": 8.1,
							"PRICEPERUOMFORMATTED": "£8.10/KG"
						}
					},
					"PRIMARY_TAXONOMY": {
						"CAT_ID": "1215660378320",
						"CAT_NAME": "Chilled Food",
						"DEPT_ID": "1215341805721",
						"DEPT_NAME": "Cheese",
						"AISLE_ID": "1215341805765",
						"AISLE_NAME": "Cheddar & Regional Cheese",
						"SHELF_ID": "1215341808760",
						"SHELF_NAME": "Mature Cheese"
					},
					"IS_FTO": false,
					"PRODUCT_TYPE": "STANDARD",
					"AVG_RATING": 4.5992,
					"RATING_COUNT": 252.0,
					"ICONS": [
						{
							"ID": "51000002",
							"ICON_NAME": "801_NoShellfish",
							"CLICKABLE": false,
							"IMAGE_URL": "https://ui.assets-asda.com/dm/_000_Icon?&$Icon-wapp$",
							"START_DATE": 1551700800,
							"END_DATE": 1551873600,
							"PRIORITY": 10440.0
						},
						{
							"ID": "55200006",
							"ICON_NAME": "_008_RedTractorAUTO",
							"CLICKABLE": true,
							"IMAGE_URL": "https://ui.assets-asda.com/dm/_008_redtractor?&$icon-wapp$",
							"START_DATE": 1609329600,
							"END_DATE": 1682510400,
							"PRIORITY": 5354.0
						},
						{
							"ID": "1215429129918",
							"ICON_NAME": "_043_British",
							"CLICKABLE": true,
							"IMAGE_URL": "https://ui.assets-asda.com/dm/_043_british?",
							"END_DATE": 1682510400,
							"PRIORITY": 5435.0
						},
						{
							"ID": "1215559958453",
							"ICON_NAME": "_122_farmerowned",
							"CLICKABLE": true,
							"IMAGE_URL": "https://ui.assets-asda.com/dm/_122_farmerowned?",
							"END_DATE": 1682510400,
							"PRIORITY": 1562.0
						}
					],
					"PACK_SIZE": "400G",
					"STOCK": {
						"4565": 999
					},
					"MAX_QTY": 10,
					"objectID": "6793868",
					"_highlightResult": {
						"ID": {
							"value": "1000242609281",
							"matchLevel": "none",
							"matchedWords": []
						},
						"CIN": {
							"value": "6793868",
							"matchLevel": "none",
							"matchedWords": []
						},
						"NAME": {
							"value": "British Mature Cheddar <em>Cheese</em> 400g",
							"matchLevel": "full",
							"fullyHighlighted": false,
							"matchedWords": [
								"cheese"
							]
						},
						"BRAND": {
							"value": "ASDA",
							"matchLevel": "none",
							"matchedWords": []
						},
						"PRIMARY_TAXONOMY": {
							"AISLE_NAME": {
								"value": "Cheddar & Regional <em>Cheese</em>",
								"matchLevel": "full",
								"fullyHighlighted": false,
								"matchedWords": [
									"cheese"
								]
							},
							"SHELF_NAME": {
								"value": "Mature <em>Cheese</em>",
								"matchLevel": "full",
								"fullyHighlighted": false,
								"matchedWords": [
									"cheese"
								]
							}
						},
						"LIFESTYLES": [
							{
								"value": "Suitable for Vegetarians",
								"matchLevel": "none",
								"matchedWords": []
							}
						]
					}
				},
				{
					"ID": "1000094333951",
					"STATUS": "A",
					"PHARMACY_RESTRICTED": false,
					"CIN": "6300085",
					"START_DATE": 1704196800.0,
					"END_DATE": 1924948800.0,
					"NAME": "Mature White Cheddar 825g",
					"CS_YES": false,
					"SHOW_PRICE_CS": true,
					"SALES_TYPE": "Each",
					"IMAGE_ID": "5057172016075",
					"BRAND": "JUST ESSENTIALS by ASDA",
					"IS_BWS": false,
					"IS_FROZEN": false,
					"IS_SPONSORED": false,
					"PRICES": {
						"EN": {
							"OFFER": "List",
							"PRICE": 4.57,
							"PRICEPERUOM": 5.53939,
							"PRICEPERUOMFORMATTED": "£5.54/KG"
						}
					},
					"PRIMARY_TAXONOMY": {
						"CAT_ID": "1215660378320",
						"CAT_NAME": "Chilled Food",
						"DEPT_ID": "1215341805721",
						"DEPT_NAME": "Cheese",
						"AISLE_ID": "1215341805765",
						"AISLE_NAME": "Cheddar & Regional Cheese",
						"SHELF_ID": "1215341808760",
						"SHELF_NAME": "Mature Cheese"
					},
					"IS_FTO": false,
					"PRODUCT_TYPE": "STANDARD",
					"AVG_RATING": 4.0904,
					"RATING_COUNT": 188.0,
					"ICONS": [
						{
							"ID": "51000002",
							"ICON_NAME": "801_NoShellfish",
							"CLICKABLE": false,
							"IMAGE_URL": "https://ui.assets-asda.com/dm/_000_Icon?&$Icon-wapp$",
							"START_DATE": 1551700800,
							"END_DATE": 1551873600,
							"PRIORITY": 10440.0
						},
						{
							"ID": "55200006",
							"ICON_NAME": "_008_RedTractorAUTO",
							"CLICKABLE": true,
							"IMAGE_URL": "https://ui.assets-asda.com/dm/_008_redtractor?&$icon-wapp$",
							"START_DATE": 1609329600,
							"END_DATE": 1682510400,
							"PRIORITY": 5354.0
						}
					],
					"PACK_SIZE": "825G",
					"STOCK": {
						"4565": 999
					},
					"MAX_QTY": 10,
					"objectID": "6300085",
					"_highlightResult": {
						"ID": {
							"value": "1000094333951",
							"matchLevel": "none",
							"matchedWords": []
						},
						"CIN": {
							"value": "6300085",
							"matchLevel": "none",
							"matchedWords": []
						},
						"NAME": {
							"value": "Mature White Cheddar 825g",
							"matchLevel": "none",
							"matchedWords": []
						},
						"BRAND": {
							"value": "JUST ESSENTIALS by ASDA",
							"matchLevel": "none",
							"matchedWords": []
						},
						"PRIMARY_TAXONOMY": {
							"AISLE_NAME": {
								"value": "Cheddar & Regional <em>Cheese</em>",
								"matchLevel": "full",
								"fullyHighlighted": false,
								"matchedWords": [
									"cheese"
								]
							},
							"SHELF_NAME": {
								"value": "Mature <em>Cheese</em>",
								"matchLevel": "full",
								"fullyHighlighted": false,
								"matchedWords": [
									"cheese"
								]
							}
						},
						"LIFESTYLES": [
							{
								"value": "Suitable for Vegetarians",
								"matchLevel": "none",
								"matchedWords": []
							}
						]
					}
				},
				{
					"ID": "1000383143082",
					"STATUS": "A",
					"PHARMACY_RESTRICTED": false,
					"CIN": "7498007",
					"START_DATE": 1673524800.0,
					"END_DATE": 1924948800.0,
					"NAME": "Red Leicester Cheese",
					"CS_YES": false,
					"SHOW_PRICE_CS": true,
					"SALES_TYPE": "Each",
					"IMAGE_ID": "5063089019856",
					"BRAND": "JUST ESSENTIALS by ASDA",
					"IS_BWS": false,
					"IS_FROZEN": false,
					"IS_SPONSORED": false,
					"PRICES": {
						"EN": {
							"OFFER": "List",
							"PRICE": 2.79,
							"PRICEPERUOM": 6.975,
							"PRICEPERUOMFORMATTED": "£6.98/KG"
						}
					},
					"PRIMARY_TAXONOMY": {
						"CAT_ID": "1215660378320",
						"CAT_NAME": "Chilled Food",
						"DEPT_ID": "1215341805721",
						"DEPT_NAME": "Cheese",
						"AISLE_ID": "1215341805765",
						"AISLE_NAME": "Cheddar & Regional Cheese",
						"SHELF_ID": "1215341808998",
						"SHELF_NAME": "Red Leicester & Gloucester"
					},
					"IS_FTO": false,
					"PRODUCT_TYPE": "STANDARD",
					"AVG_RATING": 2.9231,
					"RATING_COUNT": 26.0,
					"ICONS": [
						{
							"ID": "51000002",
							"ICON_NAME": "801_NoShellfish",
							"CLICKABLE": false,
							"IMAGE_URL": "https://ui.assets-asda.com/dm/_000_Icon?&$Icon-wapp$",
							"START_DATE": 1551700800,
							"END_DATE": 1551873600,
							"PRIORITY": 10440.0
						}
					],
					"PACK_SIZE": "400G",
					"STOCK": {
						"4565": 999
					},
					"MAX_QTY": 10,
					"objectID": "7498007",
					"_highlightResult": {
						"ID": {
							"value": "1000383143082",
							"matchLevel": "none",
							"matchedWords": []
						},
						"CIN": {
							"value": "7498007",
							"matchLevel": "none",
							"matchedWords": []
						},
						"NAME": {
							"value": "Red Leicester <em>Cheese</em>",
							"matchLevel": "full",
							"fullyHighlighted": false,
							"matchedWords": [
								"cheese"
							]
						},
						"BRAND": {
							"value": "JUST ESSENTIALS by ASDA",
							"matchLevel": "none",
							"matchedWords": []
						},
						"PRIMARY_TAXONOMY": {
							"AISLE_NAME": {
								"value": "Cheddar & Regional <em>Cheese</em>",
								"matchLevel": "full",
								"fullyHighlighted": false,
								"matchedWords": [
									"cheese"
								]
							},
							"SHELF_NAME": {
								"value": "Red Leicester & Gloucester",
								"matchLevel": "none",
								"matchedWords": []
							}
						},
						"LIFESTYLES": [
							{
								"value": "Suitable for Vegetarians",
								"matchLevel": "none",
								"matchedWords": []
							}
						]
					}
				},
				{
					"ID": "1000242609418",
					"STATUS": "A",
					"PHARMACY_RESTRICTED": false,
					"CIN": "6793870",
					"START_DATE": 1603195200.0,
					"END_DATE": 1924948800.0,
					"NAME": "British Mild Cheddar Cheese 400g",
					"CS_YES": false,
					"SHOW_PRICE_CS": true,
					"SALES_TYPE": "Each",
					"IMAGE_ID": "5057172404735",
					"BRAND": "ASDA",
					"IS_BWS": false,
					"IS_FROZEN": false,
					"IS_SPONSORED": false,
					"PRICES": {
						"EN": {
							"OFFER": "List",
							"PRICE": 3.24,
							"PRICEPERUOM": 8.1,
							"PRICEPERUOMFORMATTED": "£8.10/KG"
						}
					},
					"PRIMARY_TAXONOMY": {
						"CAT_ID": "1215660378320",
						"CAT_NAME": "Chilled Food",
						"DEPT_ID": "1215341805721",
						"DEPT_NAME": "Cheese",
						"AISLE_ID": "1215341805765",
						"AISLE_NAME": "Cheddar & Regional Cheese",
						"SHELF_ID": "1215341808640",
						"SHELF_NAME": "Mild & Medium Cheese"
					},
					"IS_FTO": false,
					"PRODUCT_TYPE": "STANDARD",
					"AVG_RATING": 4.3451,
					"RATING_COUNT": 255.0,
					"ICONS": [
						{
							"ID": "51000002",
							"ICON_NAME": "801_NoShellfish",
							"CLICKABLE": false,
							"IMAGE_URL": "https://ui.assets-asda.com/dm/_000_Icon?&$Icon-wapp$",
							"START_DATE": 1551700800,
							"END_DATE": 1551873600,
							"PRIORITY": 10440.0
						},
						{
							"ID": "55200006",
							"ICON_NAME": "_008_RedTractorAUTO",
							"CLICKABLE": true,
							"IMAGE_URL": "https://ui.assets-asda.com/dm/_008_redtractor?&$icon-wapp$",
							"START_DATE": 1609329600,
							"END_DATE": 1682510400,
							"PRIORITY": 5354.0
						},
						{
							"ID": "1215429129918",
							"ICON_NAME": "_043_British",
							"CLICKABLE": true,
							"IMAGE_URL": "https://ui.assets-asda.com/dm/_043_british?",
							"END_DATE": 1682510400,
							"PRIORITY": 5435.0
						},
						{
							"ID": "1215559958453",
							"ICON_NAME": "_122_farmerowned",
							"CLICKABLE": true,
							"IMAGE_URL": "https://ui.assets-asda.com/dm/_122_farmerowned?",
							"END_DATE": 1682510400,
							"PRIORITY": 1562.0
						}
					],
					"PACK_SIZE": "400G",
					"STOCK": {
						"4565": 999
					},
					"MAX_QTY": 10,
					"objectID": "6793870",
					"_highlightResult": {
						"ID": {
							"value": "1000242609418",
							"matchLevel": "none",
							"matchedWords": []
						},
						"CIN": {
							"value": "6793870",
							"matchLevel": "none",
							"matchedWords": []
						},
						"NAME": {
							"value": "British Mild Cheddar <em>Cheese</em> 400g",
							"matchLevel": "full",
							"fullyHighlighted": false,
							"matchedWords": [
								"cheese"
							]
						},
						"BRAND": {
							"value": "ASDA",
							"matchLevel": "none",
							"matchedWords": []
						},
						"PRIMARY_TAXONOMY": {
							"AISLE_NAME": {
								"value": "Cheddar & Regional <em>Cheese</em>",
								"matchLevel": "full",
								"fullyHighlighted": false,
								"matchedWords": [
									"cheese"
								]
							},
							"SHELF_NAME": {
								"value": "Mild & Medium <em>Cheese</em>",
								"matchLevel": "full",
								"fullyHighlighted": false,
								"matchedWords": [
									"cheese"
								]
							}
						},
						"LIFESTYLES": [
							{
								"value": "Suitable for Vegetarians",
								"matchLevel": "none",
								"matchedWords": []
							}
						]
					}
				},
				{
					"ID": "910002987626",
					"STATUS": "A",
					"PHARMACY_RESTRICTED": false,
					"CIN": "5717697",
					"START_DATE": 1486987200.0,
					"END_DATE": 1924948800.0,
					"NAME": "British Mature Cheddar 750g",
					"CS_YES": false,
					"SHOW_PRICE_CS": true,
					"SALES_TYPE": "Each",
					"IMAGE_ID": "5054781337294",
					"BRAND": "ASDA",
					"IS_BWS": false,
					"IS_FROZEN": false,
					"IS_SPONSORED": false,
					"PRICES": {
						"EN": {
							"OFFER": "List",
							"PRICE": 4.92,
							"PRICEPERUOM": 6.56,
							"PRICEPERUOMFORMATTED": "£6.56/KG"
						}
					},
					"PRIMARY_TAXONOMY": {
						"CAT_ID": "1215660378320",
						"CAT_NAME": "Chilled Food",
						"DEPT_ID": "1215341805721",
						"DEPT_NAME": "Cheese",
						"AISLE_ID": "1215341805765",
						"AISLE_NAME": "Cheddar & Regional Cheese",
						"SHELF_ID": "1215341808760",
						"SHELF_NAME": "Mature Cheese"
					},
					"IS_FTO": false,
					"PRODUCT_TYPE": "STANDARD",
					"AVG_RATING": 4.5341,
					"RATING_COUNT": 264.0,
					"ICONS": [
						{
							"ID": "51000002",
							"ICON_NAME": "801_NoShellfish",
							"CLICKABLE": false,
							"IMAGE_URL": "https://ui.assets-asda.com/dm/_000_Icon?&$Icon-wapp$",
							"START_DATE": 1551700800,
							"END_DATE": 1551873600,
							"PRIORITY": 10440.0
						},
						{
							"ID": "55200006",
							"ICON_NAME": "_008_RedTractorAUTO",
							"CLICKABLE": true,
							"IMAGE_URL": "https://ui.assets-asda.com/dm/_008_redtractor?&$icon-wapp$",
							"START_DATE": 1609329600,
							"END_DATE": 1682510400,
							"PRIORITY": 5354.0
						}
					],
					"PACK_SIZE": "750G",
					"STOCK": {
						"4565": 999
					},
					"MAX_QTY": 10,
					"objectID": "5717697",
					"_highlightResult": {
						"ID": {
							"value": "910002987626",
							"matchLevel": "none",
							"matchedWords": []
						},
						"CIN": {
							"value": "5717697",
							"matchLevel": "none",
							"matchedWords": []
						},
						"NAME": {
							"value": "British Mature Cheddar 750g",
							"matchLevel": "none",
							"matchedWords": []
						},
						"BRAND": {
							"value": "ASDA",
							"matchLevel": "none",
							"matchedWords": []
						},
						"PRIMARY_TAXONOMY": {
							"AISLE_NAME": {
								"value": "Cheddar & Regional <em>Cheese</em>",
								"matchLevel": "full",
								"fullyHighlighted": false,
								"matchedWords": [
									"cheese"
								]
							},
							"SHELF_NAME": {
								"value": "Mature <em>Cheese</em>",
								"matchLevel": "full",
								"fullyHighlighted": false,
								"matchedWords": [
									"cheese"
								]
							}
						},
						"LIFESTYLES": [
							{
								"value": "Suitable for Vegetarians",
								"matchLevel": "none",
								"matchedWords": []
							}
						]
					}
				},
				{
					"ID": "1000209848461",
					"STATUS": "A",
					"PHARMACY_RESTRICTED": false,
					"CIN": "6687440",
					"START_DATE": 1613649600.0,
					"END_DATE": 1924948800.0,
					"NAME": "Grated Four Cheese Blend",
					"CS_YES": false,
					"SHOW_PRICE_CS": true,
					"SALES_TYPE": "Each",
					"IMAGE_ID": "5054070275665",
					"BRAND": "ASDA",
					"IS_BWS": false,
					"IS_FROZEN": false,
					"IS_SPONSORED": false,
					"PRICES": {
						"EN": {
							"OFFER": "List",
							"PRICE": 2.54,
							"PRICEPERUOM": 12.7,
							"PRICEPERUOMFORMATTED": "£12.70/KG"
						}
					},
					"PRIMARY_TAXONOMY": {
						"CAT_ID": "1215660378320",
						"CAT_NAME": "Chilled Food",
						"DEPT_ID": "1215341805721",
						"DEPT_NAME": "Cheese",
						"AISLE_ID": "1215341805815",
						"AISLE_NAME": "Grated & Sliced Cheese",
						"SHELF_ID": "1215341810123",
						"SHELF_NAME": "Grated Cheese"
					},
					"IS_FTO": false,
					"PRODUCT_TYPE": "STANDARD",
					"AVG_RATING": 4.625,
					"RATING_COUNT": 136.0,
					"ICONS": [
						{
							"ID": "51000002",
							"ICON_NAME": "801_NoShellfish",
							"CLICKABLE": false,
							"IMAGE_URL": "https://ui.assets-asda.com/dm/_000_Icon?&$Icon-wapp$",
							"START_DATE": 1551700800,
							"END_DATE": 1551873600,
							"PRIORITY": 10440.0
						},
						{
							"ID": "1215559958453",
							"ICON_NAME": "_122_farmerowned",
							"CLICKABLE": true,
							"IMAGE_URL": "https://ui.assets-asda.com/dm/_122_farmerowned?",
							"END_DATE": 1682510400,
							"PRIORITY": 1562.0
						}
					],
					"PACK_SIZE": "200G",
					"STOCK": {
						"4565": 999
					},
					"MAX_QTY": 10,
					"objectID": "6687440",
					"_highlightResult": {
						"ID": {
							"value": "1000209848461",
							"matchLevel": "none",
							"matchedWords": []
						},
						"CIN": {
							"value": "6687440",
							"matchLevel": "none",
							"matchedWords": []
						},
						"NAME": {
							"value": "Grated Four <em>Cheese</em> Blend",
							"matchLevel": "full",
							"fullyHighlighted": false,
							"matchedWords": [
								"cheese"
							]
						},
						"BRAND": {
							"value": "ASDA",
							"matchLevel": "none",
							"matchedWords": []
						},
						"PRIMARY_TAXONOMY": {
							"AISLE_NAME": {
								"value": "Grated & Sliced <em>Cheese</em>",
								"matchLevel": "full",
								"fullyHighlighted": false,
								"matchedWords": [
									"cheese"
								]
							},
							"SHELF_NAME": {
								"value": "Grated <em>Cheese</em>",
								"matchLevel": "full",
								"fullyHighlighted": false,
								"matchedWords": [
									"cheese"
								]
							}
						},
						"LIFESTYLES": [
							{
								"value": "Suitable for Vegetarians",
								"matchLevel": "none",
								"matchedWords": []
							}
						]
					}
				},
				{
					"ID": "910001330995",
					"STATUS": "A",
					"PHARMACY_RESTRICTED": false,
					"CIN": "4642115",
					"START_DATE": -2208945600.0,
					"END_DATE": 1924948800.0,
					"NAME": "Grated Mozzarella Cheese 250g",
					"CS_YES": false,
					"SHOW_PRICE_CS": true,
					"SALES_TYPE": "Each",
					"IMAGE_ID": "5054070275641",
					"BRAND": "ASDA",
					"IS_BWS": false,
					"IS_FROZEN": false,
					"IS_SPONSORED": false,
					"PRICES": {
						"EN": {
							"OFFER": "List",
							"PRICE": 2.54,
							"PRICEPERUOM": 10.16,
							"PRICEPERUOMFORMATTED": "£10.16/KG"
						}
					},
					"PRIMARY_TAXONOMY": {
						"CAT_ID": "1215660378320",
						"CAT_NAME": "Chilled Food",
						"DEPT_ID": "1215341805721",
						"DEPT_NAME": "Cheese",
						"AISLE_ID": "1215341805765",
						"AISLE_NAME": "Cheddar & Regional Cheese",
						"SHELF_ID": "1215626750653",
						"SHELF_NAME": "Grated & Sliced Cheese"
					},
					"IS_FTO": false,
					"PRODUCT_TYPE": "STANDARD",
					"AVG_RATING": 4.1716,
					"RATING_COUNT": 204.0,
					"PROMOS": {
						"EN": [
							{
								"ID": "10000479757",
								"NAME": "Any 2 for £4.48",
								"END_DATE": 1767225599.0,
								"START_DATE": 1755820800.0,
								"TYPE": 15
							}
						]
					},
					"ICONS": [
						{
							"ID": "51000002",
							"ICON_NAME": "801_NoShellfish",
							"CLICKABLE": false,
							"IMAGE_URL": "https://ui.assets-asda.com/dm/_000_Icon?&$Icon-wapp$",
							"START_DATE": 1551700800,
							"END_DATE": 1551873600,
							"PRIORITY": 10440.0
						},
						{
							"ID": "59600445",
							"ICON_NAME": "M&S Taste Match",
							"CLICKABLE": true,
							"IMAGE_URL": "https://ui.assets-asda.com/dm/M-S-Taste-Match-Icon?",
							"START_DATE": 1695643200,
							"END_DATE": 1725019200,
							"PRIORITY": 70.0
						},
						{
							"ID": "1215559958453",
							"ICON_NAME": "_122_farmerowned",
							"CLICKABLE": true,
							"IMAGE_URL": "https://ui.assets-asda.com/dm/_122_farmerowned?",
							"END_DATE": 1682510400,
							"PRIORITY": 1562.0
						}
					],
					"PACK_SIZE": "250G",
					"STOCK": {
						"4565": 999
					},
					"MAX_QTY": 10,
					"objectID": "4642115",
					"_highlightResult": {
						"ID": {
							"value": "910001330995",
							"matchLevel": "none",
							"matchedWords": []
						},
						"CIN": {
							"value": "4642115",
							"matchLevel": "none",
							"matchedWords": []
						},
						"NAME": {
							"value": "Grated Mozzarella <em>Cheese</em> 250g",
							"matchLevel": "full",
							"fullyHighlighted": false,
							"matchedWords": [
								"cheese"
							]
						},
						"KEYWORDS": {
							"value": "pizza topping,M&S Taste match,taste match",
							"matchLevel": "none",
							"matchedWords": []
						},
						"BRAND": {
							"value": "ASDA",
							"matchLevel": "none",
							"matchedWords": []
						},
						"PRIMARY_TAXONOMY": {
							"AISLE_NAME": {
								"value": "Cheddar & Regional <em>Cheese</em>",
								"matchLevel": "full",
								"fullyHighlighted": false,
								"matchedWords": [
									"cheese"
								]
							},
							"SHELF_NAME": {
								"value": "Grated & Sliced <em>Cheese</em>",
								"matchLevel": "full",
								"fullyHighlighted": false,
								"matchedWords": [
									"cheese"
								]
							}
						},
						"LIFESTYLES": [
							{
								"value": "Suitable for Vegetarians",
								"matchLevel": "none",
								"matchedWords": []
							}
						]
					}
				},
				{
					"ID": "1000383142929",
					"STATUS": "A",
					"PHARMACY_RESTRICTED": false,
					"CIN": "7498005",
					"START_DATE": 1673524800.0,
					"END_DATE": 1924948800.0,
					"NAME": "Mild White Cheddar Cheese",
					"CS_YES": false,
					"SHOW_PRICE_CS": true,
					"SALES_TYPE": "Each",
					"IMAGE_ID": "5063089019832",
					"BRAND": "JUST ESSENTIALS by ASDA",
					"IS_BWS": false,
					"IS_FROZEN": false,
					"IS_SPONSORED": false,
					"PRICES": {
						"EN": {
							"OFFER": "List",
							"PRICE": 2.79,
							"PRICEPERUOM": 6.975,
							"PRICEPERUOMFORMATTED": "£6.98/KG"
						}
					},
					"PRIMARY_TAXONOMY": {
						"CAT_ID": "1215660378320",
						"CAT_NAME": "Chilled Food",
						"DEPT_ID": "1215341805721",
						"DEPT_NAME": "Cheese",
						"AISLE_ID": "1215341805765",
						"AISLE_NAME": "Cheddar & Regional Cheese",
						"SHELF_ID": "1215341808640",
						"SHELF_NAME": "Mild & Medium Cheese"
					},
					"IS_FTO": false,
					"PRODUCT_TYPE": "STANDARD",
					"AVG_RATING": 2.75,
					"RATING_COUNT": 20.0,
					"ICONS": [
						{
							"ID": "51000002",
							"ICON_NAME": "801_NoShellfish",
							"CLICKABLE": false,
							"IMAGE_URL": "https://ui.assets-asda.com/dm/_000_Icon?&$Icon-wapp$",
							"START_DATE": 1551700800,
							"END_DATE": 1551873600,
							"PRIORITY": 10440.0
						}
					],
					"PACK_SIZE": "400G",
					"STOCK": {
						"4565": 999
					},
					"MAX_QTY": 10,
					"objectID": "7498005",
					"_highlightResult": {
						"ID": {
							"value": "1000383142929",
							"matchLevel": "none",
							"matchedWords": []
						},
						"CIN": {
							"value": "7498005",
							"matchLevel": "none",
							"matchedWords": []
						},
						"NAME": {
							"value": "Mild White Cheddar <em>Cheese</em>",
							"matchLevel": "full",
							"fullyHighlighted": false,
							"matchedWords": [
								"cheese"
							]
						},
						"BRAND": {
							"value": "JUST ESSENTIALS by ASDA",
							"matchLevel": "none",
							"matchedWords": []
						},
						"PRIMARY_TAXONOMY": {
							"AISLE_NAME": {
								"value": "Cheddar & Regional <em>Cheese</em>",
								"matchLevel": "full",
								"fullyHighlighted": false,
								"matchedWords": [
									"cheese"
								]
							},
							"SHELF_NAME": {
								"value": "Mild & Medium <em>Cheese</em>",
								"matchLevel": "full",
								"fullyHighlighted": false,
								"matchedWords": [
									"cheese"
								]
							}
						},
						"LIFESTYLES": [
							{
								"value": "Suitable for Vegetarians",
								"matchLevel": "none",
								"matchedWords": []
							}
						]
					}
				},
				{
					"ID": "1000242609507",
					"STATUS": "A",
					"PHARMACY_RESTRICTED": false,
					"CIN": "6793596",
					"START_DATE": 1603195200.0,
					"END_DATE": 1924948800.0,
					"NAME": "British Red Leicester 400g",
					"CS_YES": false,
					"SHOW_PRICE_CS": true,
					"SALES_TYPE": "Each",
					"IMAGE_ID": "5057172404636",
					"BRAND": "ASDA",
					"IS_BWS": false,
					"IS_FROZEN": false,
					"IS_SPONSORED": false,
					"PRICES": {
						"EN": {
							"OFFER": "List",
							"PRICE": 3.24,
							"PRICEPERUOM": 8.1,
							"PRICEPERUOMFORMATTED": "£8.10/KG"
						}
					},
					"PRIMARY_TAXONOMY": {
						"CAT_ID": "1215660378320",
						"CAT_NAME": "Chilled Food",
						"DEPT_ID": "1215341805721",
						"DEPT_NAME": "Cheese",
						"AISLE_ID": "1215341805765",
						"AISLE_NAME": "Cheddar & Regional Cheese",
						"SHELF_ID": "1215341808998",
						"SHELF_NAME": "Red Leicester & Gloucester"
					},
					"IS_FTO": false,
					"PRODUCT_TYPE": "STANDARD",
					"AVG_RATING": 4.3832,
					"RATING_COUNT": 167.0,
					"ICONS": [
						{
							"ID": "51000002",
							"ICON_NAME": "801_NoShellfish",
							"CLICKABLE": false,
							"IMAGE_URL": "https://ui.assets-asda.com/dm/_000_Icon?&$Icon-wapp$",
							"START_DATE": 1551700800,
							"END_DATE": 1551873600,
							"PRIORITY": 10440.0
						},
						{
							"ID": "55200006",
							"ICON_NAME": "_008_RedTractorAUTO",
							"CLICKABLE": true,
							"IMAGE_URL": "https://ui.assets-asda.com/dm/_008_redtractor?&$icon-wapp$",
							"START_DATE": 1609329600,
							"END_DATE": 1682510400,
							"PRIORITY": 5354.0
						},
						{
							"ID": "1215429129918",
							"ICON_NAME": "_043_British",
							"CLICKABLE": true,
							"IMAGE_URL": "https://ui.assets-asda.com/dm/_043_british?",
							"END_DATE": 1682510400,
							"PRIORITY": 5435.0
						},
						{
							"ID": "1215559958453",
							"ICON_NAME": "_122_farmerowned",
							"CLICKABLE": true,
							"IMAGE_URL": "https://ui.assets-asda.com/dm/_122_farmerowned?",
							"END_DATE": 1682510400,
							"PRIORITY": 1562.0
						}
					],
					"PACK_SIZE": "400G",
					"STOCK": {
						"4565": 999
					},
					"MAX_QTY": 10,
					"objectID": "6793596",
					"_highlightResult": {
						"ID": {
							"value": "1000242609507",
							"matchLevel": "none",
							"matchedWords": []
						},
						"CIN": {
							"value": "6793596",
							"matchLevel": "none",
							"matchedWords": []
						},
						"NAME": {
							"value": "British Red Leicester 400g",
							"matchLevel": "none",
							"matchedWords": []
						},
						"BRAND": {
							"value": "ASDA",
							"matchLevel": "none",
							"matchedWords": []
						},
						"PRIMARY_TAXONOMY": {
							"AISLE_NAME": {
								"value": "Cheddar & Regional <em>Cheese</em>",
								"matchLevel": "full",
								"fullyHighlighted": false,
								"matchedWords": [
									"cheese"
								]
							},
							"SHELF_NAME": {
								"value": "Red Leicester & Gloucester",
								"matchLevel": "none",
								"matchedWords": []
							}
						},
						"LIFESTYLES": [
							{
								"value": "Suitable for Vegetarians",
								"matchLevel": "none",
								"matchedWords": []
							}
						]
					}
				},
				{
					"ID": "910000329132",
					"STATUS": "A",
					"PHARMACY_RESTRICTED": false,
					"CIN": "3364856",
					"START_DATE": -2208945600.0,
					"END_DATE": 1924948800.0,
					"NAME": "Extra Mature Cheddar Cheese",
					"CS_YES": false,
					"SHOW_PRICE_CS": true,
					"SALES_TYPE": "Each",
					"IMAGE_ID": "5000295141599",
					"BRAND": "Cathedral City",
					"IS_BWS": false,
					"IS_FROZEN": false,
					"IS_SPONSORED": false,
					"PRICES": {
						"EN": {
							"OFFER": "Rollback",
							"PRICE": 2.93,
							"WASPRICE": 3.58,
							"PRICEPERUOM": 8.37143,
							"PRICEPERUOMFORMATTED": "£8.37/KG"
						}
					},
					"PRIMARY_TAXONOMY": {
						"CAT_ID": "1215660378320",
						"CAT_NAME": "Chilled Food",
						"DEPT_ID": "1215341805721",
						"DEPT_NAME": "Cheese",
						"AISLE_ID": "1215341805765",
						"AISLE_NAME": "Cheddar & Regional Cheese",
						"SHELF_ID": "1215341808819",
						"SHELF_NAME": "Extra Mature & Vintage Cheese"
					},
					"IS_FTO": false,
					"PRODUCT_TYPE": "STANDARD",
					"AVG_RATING": 4.7225,
					"RATING_COUNT": 209.0,
					"ICONS": [
						{
							"ID": "55000003",
							"ICON_NAME": "_151_UnionFlag",
							"CLICKABLE": false,
							"IMAGE_URL": "https://ui.assets-asda.comtest.jpg",
							"START_DATE": 1594728000,
							"END_DATE": 1600171200,
							"PRIORITY": 10427.0
						},
						{
							"ID": "55200006",
							"ICON_NAME": "_008_RedTractorAUTO",
							"CLICKABLE": true,
							"IMAGE_URL": "https://ui.assets-asda.com/dm/_008_redtractor?&$icon-wapp$",
							"START_DATE": 1609329600,
							"END_DATE": 1682510400,
							"PRIORITY": 5354.0
						}
					],
					"PACK_SIZE": "350G",
					"STOCK": {
						"4565": 999
					},
					"MAX_QTY": 10,
					"objectID": "3364856",
					"_highlightResult": {
						"ID": {
							"value": "910000329132",
							"matchLevel": "none",
							"matchedWords": []
						},
						"CIN": {
							"value": "3364856",
							"matchLevel": "none",
							"matchedWords": []
						},
						"NAME": {
							"value": "Extra Mature Cheddar <em>Cheese</em>",
							"matchLevel": "full",
							"fullyHighlighted": false,
							"matchedWords": [
								"cheese"
							]
						},
						"BRAND": {
							"value": "Cathedral City",
							"matchLevel": "none",
							"matchedWords": []
						},
						"PRIMARY_TAXONOMY": {
							"AISLE_NAME": {
								"value": "Cheddar & Regional <em>Cheese</em>",
								"matchLevel": "full",
								"fullyHighlighted": false,
								"matchedWords": [
									"cheese"
								]
							},
							"SHELF_NAME": {
								"value": "Extra Mature & Vintage <em>Cheese</em>",
								"matchLevel": "full",
								"fullyHighlighted": false,
								"matchedWords": [
									"cheese"
								]
							}
						},
						"LIFESTYLES": [
							{
								"value": "Suitable for Vegetarians",
								"matchLevel": "none",
								"matchedWords": []
							}
						]
					}
				},
				{
					"ID": "21637",
					"STATUS": "A",
					"PHARMACY_RESTRICTED": false,
					"CIN": "407841",
					"START_DATE": -2208945600.0,
					"END_DATE": 1924948800.0,
					"NAME": "Mini Original Cheese 6 x 20g (120g)",
					"CS_YES": false,
					"SHOW_PRICE_CS": true,
					"SALES_TYPE": "Each",
					"IMAGE_ID": "3073780828628",
					"BRAND": "Mini Babybel",
					"IS_BWS": false,
					"IS_FROZEN": false,
					"IS_SPONSORED": false,
					"PRICES": {
						"EN": {
							"OFFER": "Dropped",
							"PRICE": 1.72,
							"WASPRICE": 2.45,
							"PRICEPERUOM": 14.33333,
							"PRICEPERUOMFORMATTED": "£14.33/KG"
						}
					},
					"PRIMARY_TAXONOMY": {
						"CAT_ID": "1215660378320",
						"CAT_NAME": "Chilled Food",
						"DEPT_ID": "1215341805721",
						"DEPT_NAME": "Cheese",
						"AISLE_ID": "1215341805914",
						"AISLE_NAME": "Cheese Snacks & Lunchbox",
						"SHELF_ID": "1215341830101",
						"SHELF_NAME": "Cheese Snacking"
					},
					"IS_FTO": false,
					"PRODUCT_TYPE": "STANDARD",
					"AVG_RATING": 4.5823,
					"RATING_COUNT": 79.0,
					"ICONS": [
						{
							"ID": "51000002",
							"ICON_NAME": "801_NoShellfish",
							"CLICKABLE": false,
							"IMAGE_URL": "https://ui.assets-asda.com/dm/_000_Icon?&$Icon-wapp$",
							"START_DATE": 1551700800,
							"END_DATE": 1551873600,
							"PRIORITY": 10440.0
						}
					],
					"PACK_SIZE": "120G",
					"STOCK": {
						"4565": 999
					},
					"MAX_QTY": 10,
					"objectID": "407841",
					"_highlightResult": {
						"ID": {
							"value": "21637",
							"matchLevel": "none",
							"matchedWords": []
						},
						"CIN": {
							"value": "407841",
							"matchLevel": "none",
							"matchedWords": []
						},
						"NAME": {
							"value": "Mini Original <em>Cheese</em> 6 x 20g (120g)",
							"matchLevel": "full",
							"fullyHighlighted": false,
							"matchedWords": [
								"cheese"
							]
						},
						"KEYWORDS": {
							"value": "lunch box,lunchbox,lunch bag",
							"matchLevel": "none",
							"matchedWords": []
						},
						"BRAND": {
							"value": "Mini Babybel",
							"matchLevel": "none",
							"matchedWords": []
						},
						"PRIMARY_TAXONOMY": {
							"AISLE_NAME": {
								"value": "<em>Cheese</em> Snacks & Lunchbox",
								"matchLevel": "full",
								"fullyHighlighted": false,
								"matchedWords": [
									"cheese"
								]
							},
							"SHELF_NAME": {
								"value": "<em>Cheese</em> Snacking",
								"matchLevel": "full",
								"fullyHighlighted": false,
								"matchedWords": [
									"cheese"
								]
							}
						},
						"LIFESTYLES": [
							{
								"value": "Suitable for Vegetarians",
								"matchLevel": "none",
								"matchedWords": []
							}
						]
					}
				},
				{
					"ID": "1000299625425",
					"STATUS": "A",
					"PHARMACY_RESTRICTED": false,
					"CIN": "7048097",
					"START_DATE": 1712577600.0,
					"END_DATE": 1924948800.0,
					"NAME": "Dunkers Jumbo Tubes Cheese Snacks 6 Pack 246g",
					"CS_YES": false,
					"SHOW_PRICE_CS": true,
					"SALES_TYPE": "Each",
					"IMAGE_ID": "7622201143671",
					"BRAND": "Dairylea",
					"IS_BWS": false,
					"IS_FROZEN": false,
					"IS_SPONSORED": false,
					"PRICES": {
						"EN": {
							"OFFER": "Rollback",
							"PRICE": 2.33,
							"WASPRICE": 3.12,
							"PRICEPERUOM": 9.47154,
							"PRICEPERUOMFORMATTED": "£9.47/KG"
						}
					},
					"PRIMARY_TAXONOMY": {
						"CAT_ID": "1215660378320",
						"CAT_NAME": "Chilled Food",
						"DEPT_ID": "1215341805721",
						"DEPT_NAME": "Cheese",
						"AISLE_ID": "1215341805914",
						"AISLE_NAME": "Cheese Snacks & Lunchbox",
						"SHELF_ID": "1215341810541",
						"SHELF_NAME": "Cheese Strips & Dunkers"
					},
					"IS_FTO": false,
					"PRODUCT_TYPE": "STANDARD",
					"AVG_RATING": 4.5833,
					"RATING_COUNT": 60.0,
					"PACK_SIZE": "6X41G",
					"STOCK": {
						"4565": 999
					},
					"MAX_QTY": 10,
					"objectID": "7048097",
					"_highlightResult": {
						"ID": {
							"value": "1000299625425",
							"matchLevel": "none",
							"matchedWords": []
						},
						"CIN": {
							"value": "7048097",
							"matchLevel": "none",
							"matchedWords": []
						},
						"NAME": {
							"value": "Dunkers Jumbo Tubes <em>Cheese</em> Snacks 6 Pack 246g",
							"matchLevel": "full",
							"fullyHighlighted": false,
							"matchedWords": [
								"cheese"
							]
						},
						"KEYWORDS": {
							"value": "snacks,kids snacks,packed lunch,<em>cheese</em> snacks,snacking,lunchbox snacks",
							"matchLevel": "full",
							"fullyHighlighted": false,
							"matchedWords": [
								"cheese"
							]
						},
						"BRAND": {
							"value": "Dairylea",
							"matchLevel": "none",
							"matchedWords": []
						},
						"PRIMARY_TAXONOMY": {
							"AISLE_NAME": {
								"value": "<em>Cheese</em> Snacks & Lunchbox",
								"matchLevel": "full",
								"fullyHighlighted": false,
								"matchedWords": [
									"cheese"
								]
							},
							"SHELF_NAME": {
								"value": "<em>Cheese</em> Strips & Dunkers",
								"matchLevel": "full",
								"fullyHighlighted": false,
								"matchedWords": [
									"cheese"
								]
							}
						}
					}
				},
				{
					"ID": "1000242609542",
					"STATUS": "A",
					"PHARMACY_RESTRICTED": false,
					"CIN": "6793874",
					"START_DATE": 1603195200.0,
					"END_DATE": 1924948800.0,
					"NAME": "British Extra Mature Cheddar Cheese",
					"CS_YES": false,
					"SHOW_PRICE_CS": true,
					"SALES_TYPE": "Each",
					"IMAGE_ID": "5057172404773",
					"BRAND": "ASDA",
					"IS_BWS": false,
					"IS_FROZEN": false,
					"IS_SPONSORED": false,
					"PRICES": {
						"EN": {
							"OFFER": "List",
							"PRICE": 3.24,
							"PRICEPERUOM": 8.1,
							"PRICEPERUOMFORMATTED": "£8.10/KG"
						}
					},
					"PRIMARY_TAXONOMY": {
						"CAT_ID": "1215660378320",
						"CAT_NAME": "Chilled Food",
						"DEPT_ID": "1215341805721",
						"DEPT_NAME": "Cheese",
						"AISLE_ID": "1215341805765",
						"AISLE_NAME": "Cheddar & Regional Cheese",
						"SHELF_ID": "1215341808760",
						"SHELF_NAME": "Mature Cheese"
					},
					"IS_FTO": false,
					"PRODUCT_TYPE": "STANDARD",
					"AVG_RATING": 4.2538,
					"RATING_COUNT": 520.0,
					"ICONS": [
						{
							"ID": "51000002",
							"ICON_NAME": "801_NoShellfish",
							"CLICKABLE": false,
							"IMAGE_URL": "https://ui.assets-asda.com/dm/_000_Icon?&$Icon-wapp$",
							"START_DATE": 1551700800,
							"END_DATE": 1551873600,
							"PRIORITY": 10440.0
						},
						{
							"ID": "55200006",
							"ICON_NAME": "_008_RedTractorAUTO",
							"CLICKABLE": true,
							"IMAGE_URL": "https://ui.assets-asda.com/dm/_008_redtractor?&$icon-wapp$",
							"START_DATE": 1609329600,
							"END_DATE": 1682510400,
							"PRIORITY": 5354.0
						},
						{
							"ID": "1215429129918",
							"ICON_NAME": "_043_British",
							"CLICKABLE": true,
							"IMAGE_URL": "https://ui.assets-asda.com/dm/_043_british?",
							"END_DATE": 1682510400,
							"PRIORITY": 5435.0
						},
						{
							"ID": "1215559958453",
							"ICON_NAME": "_122_farmerowned",
							"CLICKABLE": true,
							"IMAGE_URL": "https://ui.assets-asda.com/dm/_122_farmerowned?",
							"END_DATE": 1682510400,
							"PRIORITY": 1562.0
						}
					],
					"PACK_SIZE": "400G",
					"STOCK": {
						"4565": 999
					},
					"MAX_QTY": 10,
					"objectID": "6793874",
					"_highlightResult": {
						"ID": {
							"value": "1000242609542",
							"matchLevel": "none",
							"matchedWords": []
						},
						"CIN": {
							"value": "6793874",
							"matchLevel": "none",
							"matchedWords": []
						},
						"NAME": {
							"value": "British Extra Mature Cheddar <em>Cheese</em>",
							"matchLevel": "full",
							"fullyHighlighted": false,
							"matchedWords": [
								"cheese"
							]
						},
						"BRAND": {
							"value": "ASDA",
							"matchLevel": "none",
							"matchedWords": []
						},
						"PRIMARY_TAXONOMY": {
							"AISLE_NAME": {
								"value": "Cheddar & Regional <em>Cheese</em>",
								"matchLevel": "full",
								"fullyHighlighted": false,
								"matchedWords": [
									"cheese"
								]
							},
							"SHELF_NAME": {
								"value": "Mature <em>Cheese</em>",
								"matchLevel": "full",
								"fullyHighlighted": false,
								"matchedWords": [
									"cheese"
								]
							}
						},
						"LIFESTYLES": [
							{
								"value": "Suitable for Vegetarians",
								"matchLevel": "none",
								"matchedWords": []
							}
						]
					}
				},
				{
					"ID": "1000202076134",
					"STATUS": "A",
					"PHARMACY_RESTRICTED": false,
					"CIN": "6655760",
					"START_DATE": 1583236800.0,
					"END_DATE": 1924948800.0,
					"NAME": "Cheesy Slices 10 x 20g (200g)",
					"CS_YES": false,
					"SHOW_PRICE_CS": true,
					"SALES_TYPE": "Each",
					"IMAGE_ID": "5057172226016",
					"BRAND": "ASDA",
					"IS_BWS": false,
					"IS_FROZEN": false,
					"IS_SPONSORED": false,
					"PRICES": {
						"EN": {
							"OFFER": "Rollback",
							"PRICE": 0.98,
							"WASPRICE": 1.2,
							"PRICEPERUOM": 4.9,
							"PRICEPERUOMFORMATTED": "£4.90/KG"
						}
					},
					"PRIMARY_TAXONOMY": {
						"CAT_ID": "1215660378320",
						"CAT_NAME": "Chilled Food",
						"DEPT_ID": "1215341805721",
						"DEPT_NAME": "Cheese",
						"AISLE_ID": "1215341805815",
						"AISLE_NAME": "Grated & Sliced Cheese",
						"SHELF_ID": "1215341810182",
						"SHELF_NAME": "Cheese Slices"
					},
					"IS_FTO": false,
					"PRODUCT_TYPE": "STANDARD",
					"AVG_RATING": 4.0389,
					"RATING_COUNT": 180.0,
					"ICONS": [
						{
							"ID": "51000002",
							"ICON_NAME": "801_NoShellfish",
							"CLICKABLE": false,
							"IMAGE_URL": "https://ui.assets-asda.com/dm/_000_Icon?&$Icon-wapp$",
							"START_DATE": 1551700800,
							"END_DATE": 1551873600,
							"PRIORITY": 10440.0
						}
					],
					"PACK_SIZE": "200G",
					"STOCK": {
						"4565": 0
					},
					"MAX_QTY": 10,
					"objectID": "6655760",
					"_highlightResult": {
						"ID": {
							"value": "1000202076134",
							"matchLevel": "none",
							"matchedWords": []
						},
						"CIN": {
							"value": "6655760",
							"matchLevel": "none",
							"matchedWords": []
						},
						"NAME": {
							"value": "Cheesy Slices 10 x 20g (200g)",
							"matchLevel": "none",
							"matchedWords": []
						},
						"KEYWORDS": {
							"value": "burger <em>cheese</em>",
							"matchLevel": "full",
							"fullyHighlighted": false,
							"matchedWords": [
								"cheese"
							]
						},
						"BRAND": {
							"value": "ASDA",
							"matchLevel": "none",
							"matchedWords": []
						},
						"PRIMARY_TAXONOMY": {
							"AISLE_NAME": {
								"value": "Grated & Sliced <em>Cheese</em>",
								"matchLevel": "full",
								"fullyHighlighted": false,
								"matchedWords": [
									"cheese"
								]
							},
							"SHELF_NAME": {
								"value": "<em>Cheese</em> Slices",
								"matchLevel": "full",
								"fullyHighlighted": false,
								"matchedWords": [
									"cheese"
								]
							}
						},
						"LIFESTYLES": [
							{
								"value": "Suitable for Vegetarians",
								"matchLevel": "none",
								"matchedWords": []
							}
						]
					}
				},
				{
					"ID": "910002987750",
					"STATUS": "A",
					"PHARMACY_RESTRICTED": false,
					"CIN": "5717699",
					"START_DATE": 1487592000.0,
					"END_DATE": 1924948800.0,
					"NAME": "British Extra Mature Cheddar 750g",
					"CS_YES": false,
					"SHOW_PRICE_CS": true,
					"SALES_TYPE": "Each",
					"IMAGE_ID": "5054781337317",
					"BRAND": "ASDA",
					"IS_BWS": false,
					"IS_FROZEN": false,
					"IS_SPONSORED": false,
					"PRICES": {
						"EN": {
							"OFFER": "List",
							"PRICE": 4.92,
							"PRICEPERUOM": 6.56,
							"PRICEPERUOMFORMATTED": "£6.56/KG"
						}
					},
					"PRIMARY_TAXONOMY": {
						"CAT_ID": "1215660378320",
						"CAT_NAME": "Chilled Food",
						"DEPT_ID": "1215341805721",
						"DEPT_NAME": "Cheese",
						"AISLE_ID": "1215341805765",
						"AISLE_NAME": "Cheddar & Regional Cheese",
						"SHELF_ID": "1215341808819",
						"SHELF_NAME": "Extra Mature & Vintage Cheese"
					},
					"IS_FTO": false,
					"PRODUCT_TYPE": "STANDARD",
					"AVG_RATING": 4.2538,
					"RATING_COUNT": 520.0,
					"ICONS": [
						{
							"ID": "51000002",
							"ICON_NAME": "801_NoShellfish",
							"CLICKABLE": false,
							"IMAGE_URL": "https://ui.assets-asda.com/dm/_000_Icon?&$Icon-wapp$",
							"START_DATE": 1551700800,
							"END_DATE": 1551873600,
							"PRIORITY": 10440.0
						},
						{
							"ID": "55200006",
							"ICON_NAME": "_008_RedTractorAUTO",
							"CLICKABLE": true,
							"IMAGE_URL": "https://ui.assets-asda.com/dm/_008_redtractor?&$icon-wapp$",
							"START_DATE": 1609329600,
							"END_DATE": 1682510400,
							"PRIORITY": 5354.0
						},
						{
							"ID": "59600445",
							"ICON_NAME": "M&S Taste Match",
							"CLICKABLE": true,
							"IMAGE_URL": "https://ui.assets-asda.com/dm/M-S-Taste-Match-Icon?",
							"START_DATE": 1695643200,
							"END_DATE": 1725019200,
							"PRIORITY": 70.0
						}
					],
					"PACK_SIZE": "750G",
					"STOCK": {
						"4565": 999
					},
					"MAX_QTY": 10,
					"objectID": "5717699",
					"_highlightResult": {
						"ID": {
							"value": "910002987750",
							"matchLevel": "none",
							"matchedWords": []
						},
						"CIN": {
							"value": "5717699",
							"matchLevel": "none",
							"matchedWords": []
						},
						"NAME": {
							"value": "British Extra Mature Cheddar 750g",
							"matchLevel": "none",
							"matchedWords": []
						},
						"KEYWORDS": {
							"value": "M&S Taste match,taste match",
							"matchLevel": "none",
							"matchedWords": []
						},
						"BRAND": {
							"value": "ASDA",
							"matchLevel": "none",
							"matchedWords": []
						},
						"PRIMARY_TAXONOMY": {
							"AISLE_NAME": {
								"value": "Cheddar & Regional <em>Cheese</em>",
								"matchLevel": "full",
								"fullyHighlighted": false,
								"matchedWords": [
									"cheese"
								]
							},
							"SHELF_NAME": {
								"value": "Extra Mature & Vintage <em>Cheese</em>",
								"matchLevel": "full",
								"fullyHighlighted": false,
								"matchedWords": [
									"cheese"
								]
							}
						},
						"LIFESTYLES": [
							{
								"value": "Suitable for Vegetarians",
								"matchLevel": "none",
								"matchedWords": []
							}
						]
					}
				},
				{
					"ID": "910000563476",
					"STATUS": "A",
					"PHARMACY_RESTRICTED": false,
					"CIN": "3884166",
					"START_DATE": 1677585600.0,
					"END_DATE": 1924948800.0,
					"NAME": "Twisted Cheestrings 4 x 20g (80g)",
					"CS_YES": false,
					"SHOW_PRICE_CS": true,
					"SALES_TYPE": "Each",
					"IMAGE_ID": "5000187130915",
					"BRAND": "Strings & Things",
					"IS_BWS": false,
					"IS_FROZEN": false,
					"IS_SPONSORED": false,
					"PRICES": {
						"EN": {
							"OFFER": "Dropped",
							"PRICE": 1.23,
							"WASPRICE": 1.43,
							"PRICEPERUOM": 15.375,
							"PRICEPERUOMFORMATTED": "£15.38/KG"
						}
					},
					"PRIMARY_TAXONOMY": {
						"CAT_ID": "1215660378320",
						"CAT_NAME": "Chilled Food",
						"DEPT_ID": "1215341805721",
						"DEPT_NAME": "Cheese",
						"AISLE_ID": "1215341805914",
						"AISLE_NAME": "Cheese Snacks & Lunchbox",
						"SHELF_ID": "1215341810541",
						"SHELF_NAME": "Cheese Strips & Dunkers"
					},
					"IS_FTO": false,
					"PRODUCT_TYPE": "STANDARD",
					"AVG_RATING": 4.6087,
					"RATING_COUNT": 23.0,
					"ICONS": [
						{
							"ID": "51000002",
							"ICON_NAME": "801_NoShellfish",
							"CLICKABLE": false,
							"IMAGE_URL": "https://ui.assets-asda.com/dm/_000_Icon?&$Icon-wapp$",
							"START_DATE": 1551700800,
							"END_DATE": 1551873600,
							"PRIORITY": 10440.0
						}
					],
					"PACK_SIZE": "80G",
					"STOCK": {
						"4565": 999
					},
					"MAX_QTY": 10,
					"objectID": "3884166",
					"_highlightResult": {
						"ID": {
							"value": "910000563476",
							"matchLevel": "none",
							"matchedWords": []
						},
						"CIN": {
							"value": "3884166",
							"matchLevel": "none",
							"matchedWords": []
						},
						"NAME": {
							"value": "Twisted Cheestrings 4 x 20g (80g)",
							"matchLevel": "none",
							"matchedWords": []
						},
						"KEYWORDS": {
							"value": "packed lunch",
							"matchLevel": "none",
							"matchedWords": []
						},
						"BRAND": {
							"value": "Strings & Things",
							"matchLevel": "none",
							"matchedWords": []
						},
						"PRIMARY_TAXONOMY": {
							"AISLE_NAME": {
								"value": "<em>Cheese</em> Snacks & Lunchbox",
								"matchLevel": "full",
								"fullyHighlighted": false,
								"matchedWords": [
									"cheese"
								]
							},
							"SHELF_NAME": {
								"value": "<em>Cheese</em> Strips & Dunkers",
								"matchLevel": "full",
								"fullyHighlighted": false,
								"matchedWords": [
									"cheese"
								]
							}
						},
						"LIFESTYLES": [
							{
								"value": "Suitable for Vegetarians",
								"matchLevel": "none",
								"matchedWords": []
							}
						]
					}
				},
				{
					"ID": "910000565181",
					"STATUS": "A",
					"PHARMACY_RESTRICTED": false,
					"CIN": "3888540",
					"START_DATE": -2208945600.0,
					"END_DATE": 1924948800.0,
					"NAME": "Mini Mature Cheddar Cheeses",
					"CS_YES": false,
					"SHOW_PRICE_CS": true,
					"SALES_TYPE": "Each",
					"IMAGE_ID": "5000295109094",
					"BRAND": "Cathedral City",
					"IS_BWS": false,
					"IS_FROZEN": false,
					"IS_SPONSORED": false,
					"PRICES": {
						"EN": {
							"OFFER": "Dropped",
							"PRICE": 1.78,
							"WASPRICE": 2.1,
							"PRICEPERUOM": 14.83333,
							"PRICEPERUOMFORMATTED": "£14.83/KG"
						}
					},
					"PRIMARY_TAXONOMY": {
						"CAT_ID": "1215660378320",
						"CAT_NAME": "Chilled Food",
						"DEPT_ID": "1215341805721",
						"DEPT_NAME": "Cheese",
						"AISLE_ID": "1215341805914",
						"AISLE_NAME": "Cheese Snacks & Lunchbox",
						"SHELF_ID": "1215341830101",
						"SHELF_NAME": "Cheese Snacking"
					},
					"IS_FTO": false,
					"PRODUCT_TYPE": "STANDARD",
					"AVG_RATING": 4.8475,
					"RATING_COUNT": 59.0,
					"ICONS": [
						{
							"ID": "1215429129918",
							"ICON_NAME": "_043_British",
							"CLICKABLE": true,
							"IMAGE_URL": "https://ui.assets-asda.com/dm/_043_british?",
							"END_DATE": 1682510400,
							"PRIORITY": 5435.0
						}
					],
					"PACK_SIZE": "120G",
					"STOCK": {
						"4565": 999
					},
					"MAX_QTY": 10,
					"objectID": "3888540",
					"_highlightResult": {
						"ID": {
							"value": "910000565181",
							"matchLevel": "none",
							"matchedWords": []
						},
						"CIN": {
							"value": "3888540",
							"matchLevel": "none",
							"matchedWords": []
						},
						"NAME": {
							"value": "Mini Mature Cheddar <em>Cheese</em>s",
							"matchLevel": "full",
							"fullyHighlighted": false,
							"matchedWords": [
								"cheese"
							]
						},
						"BRAND": {
							"value": "Cathedral City",
							"matchLevel": "none",
							"matchedWords": []
						},
						"PRIMARY_TAXONOMY": {
							"AISLE_NAME": {
								"value": "<em>Cheese</em> Snacks & Lunchbox",
								"matchLevel": "full",
								"fullyHighlighted": false,
								"matchedWords": [
									"cheese"
								]
							},
							"SHELF_NAME": {
								"value": "<em>Cheese</em> Snacking",
								"matchLevel": "full",
								"fullyHighlighted": false,
								"matchedWords": [
									"cheese"
								]
							}
						},
						"LIFESTYLES": [
							{
								"value": "Suitable for Vegetarians",
								"matchLevel": "none",
								"matchedWords": []
							}
						]
					}
				},
				{
					"ID": "1000371550415",
					"STATUS": "A",
					"PHARMACY_RESTRICTED": false,
					"CIN": "7345715",
					"START_DATE": 1647950400.0,
					"END_DATE": 1924948800.0,
					"NAME": "Original 165g",
					"CS_YES": false,
					"SHOW_PRICE_CS": true,
					"SALES_TYPE": "Each",
					"IMAGE_ID": "7622201693916",
					"BRAND": "Philadelphia",
					"IS_BWS": false,
					"IS_FROZEN": false,
					"IS_SPONSORED": false,
					"PRICES": {
						"EN": {
							"OFFER": "Rollback",
							"PRICE": 1.28,
							"WASPRICE": 2.08,
							"PRICEPERUOM": 7.75758,
							"PRICEPERUOMFORMATTED": "£7.76/KG"
						}
					},
					"PRIMARY_TAXONOMY": {
						"CAT_ID": "1215660378320",
						"CAT_NAME": "Chilled Food",
						"DEPT_ID": "1215341805721",
						"DEPT_NAME": "Cheese",
						"AISLE_ID": "1215341805865",
						"AISLE_NAME": "Soft & Cottage Cheese",
						"SHELF_ID": "1215341810303",
						"SHELF_NAME": "Soft Cheese"
					},
					"IS_FTO": false,
					"PRODUCT_TYPE": "STANDARD",
					"AVG_RATING": 4.6915,
					"RATING_COUNT": 94.0,
					"PACK_SIZE": "165G",
					"STOCK": {
						"4565": 999
					},
					"MAX_QTY": 10,
					"objectID": "7345715",
					"_highlightResult": {
						"ID": {
							"value": "1000371550415",
							"matchLevel": "none",
							"matchedWords": []
						},
						"CIN": {
							"value": "7345715",
							"matchLevel": "none",
							"matchedWords": []
						},
						"NAME": {
							"value": "Original 165g",
							"matchLevel": "none",
							"matchedWords": []
						},
						"KEYWORDS": {
							"value": "cream <em>cheese</em>,spread,spreadable,<em>cheese</em> spread",
							"matchLevel": "full",
							"fullyHighlighted": false,
							"matchedWords": [
								"cheese"
							]
						},
						"BRAND": {
							"value": "Philadelphia",
							"matchLevel": "none",
							"matchedWords": []
						},
						"PRIMARY_TAXONOMY": {
							"AISLE_NAME": {
								"value": "Soft & Cottage <em>Cheese</em>",
								"matchLevel": "full",
								"fullyHighlighted": false,
								"matchedWords": [
									"cheese"
								]
							},
							"SHELF_NAME": {
								"value": "Soft <em>Cheese</em>",
								"matchLevel": "full",
								"fullyHighlighted": false,
								"matchedWords": [
									"cheese"
								]
							}
						},
						"LIFESTYLES": [
							{
								"value": "Suitable for Vegetarians",
								"matchLevel": "none",
								"matchedWords": []
							}
						]
					}
				},
				{
					"ID": "1000094333993",
					"STATUS": "A",
					"PHARMACY_RESTRICTED": false,
					"CIN": "6300083",
					"START_DATE": 1704196800.0,
					"END_DATE": 1924948800.0,
					"NAME": "Mild White Cheddar 825g",
					"CS_YES": false,
					"SHOW_PRICE_CS": true,
					"SALES_TYPE": "Each",
					"IMAGE_ID": "5057172016068",
					"BRAND": "JUST ESSENTIALS by ASDA",
					"IS_BWS": false,
					"IS_FROZEN": false,
					"IS_SPONSORED": false,
					"PRICES": {
						"EN": {
							"OFFER": "List",
							"PRICE": 4.57,
							"PRICEPERUOM": 5.53939,
							"PRICEPERUOMFORMATTED": "£5.54/KG"
						}
					},
					"PRIMARY_TAXONOMY": {
						"CAT_ID": "1215660378320",
						"CAT_NAME": "Chilled Food",
						"DEPT_ID": "1215341805721",
						"DEPT_NAME": "Cheese",
						"AISLE_ID": "1215341805765",
						"AISLE_NAME": "Cheddar & Regional Cheese",
						"SHELF_ID": "1215341808640",
						"SHELF_NAME": "Mild & Medium Cheese"
					},
					"IS_FTO": false,
					"PRODUCT_TYPE": "STANDARD",
					"AVG_RATING": 4.1887,
					"RATING_COUNT": 53.0,
					"ICONS": [
						{
							"ID": "51000002",
							"ICON_NAME": "801_NoShellfish",
							"CLICKABLE": false,
							"IMAGE_URL": "https://ui.assets-asda.com/dm/_000_Icon?&$Icon-wapp$",
							"START_DATE": 1551700800,
							"END_DATE": 1551873600,
							"PRIORITY": 10440.0
						},
						{
							"ID": "55200006",
							"ICON_NAME": "_008_RedTractorAUTO",
							"CLICKABLE": true,
							"IMAGE_URL": "https://ui.assets-asda.com/dm/_008_redtractor?&$icon-wapp$",
							"START_DATE": 1609329600,
							"END_DATE": 1682510400,
							"PRIORITY": 5354.0
						}
					],
					"PACK_SIZE": "825G",
					"STOCK": {
						"4565": 999
					},
					"MAX_QTY": 10,
					"objectID": "6300083",
					"_highlightResult": {
						"ID": {
							"value": "1000094333993",
							"matchLevel": "none",
							"matchedWords": []
						},
						"CIN": {
							"value": "6300083",
							"matchLevel": "none",
							"matchedWords": []
						},
						"NAME": {
							"value": "Mild White Cheddar 825g",
							"matchLevel": "none",
							"matchedWords": []
						},
						"BRAND": {
							"value": "JUST ESSENTIALS by ASDA",
							"matchLevel": "none",
							"matchedWords": []
						},
						"PRIMARY_TAXONOMY": {
							"AISLE_NAME": {
								"value": "Cheddar & Regional <em>Cheese</em>",
								"matchLevel": "full",
								"fullyHighlighted": false,
								"matchedWords": [
									"cheese"
								]
							},
							"SHELF_NAME": {
								"value": "Mild & Medium <em>Cheese</em>",
								"matchLevel": "full",
								"fullyHighlighted": false,
								"matchedWords": [
									"cheese"
								]
							}
						},
						"LIFESTYLES": [
							{
								"value": "Suitable for Vegetarians",
								"matchLevel": "none",
								"matchedWords": []
							}
						]
					}
				},
				{
					"ID": "910001331193",
					"STATUS": "A",
					"PHARMACY_RESTRICTED": false,
					"CIN": "4642111",
					"START_DATE": -2208945600.0,
					"END_DATE": 1924948800.0,
					"NAME": "British Grated Red Leicester Cheese 250g",
					"CS_YES": false,
					"SHOW_PRICE_CS": true,
					"SALES_TYPE": "Each",
					"IMAGE_ID": "5054070275627",
					"BRAND": "ASDA",
					"IS_BWS": false,
					"IS_FROZEN": false,
					"IS_SPONSORED": false,
					"PRICES": {
						"EN": {
							"OFFER": "List",
							"PRICE": 2.54,
							"PRICEPERUOM": 10.16,
							"PRICEPERUOMFORMATTED": "£10.16/KG"
						}
					},
					"PRIMARY_TAXONOMY": {
						"CAT_ID": "1215660378320",
						"CAT_NAME": "Chilled Food",
						"DEPT_ID": "1215341805721",
						"DEPT_NAME": "Cheese",
						"AISLE_ID": "1215341805765",
						"AISLE_NAME": "Cheddar & Regional Cheese",
						"SHELF_ID": "1215626750653",
						"SHELF_NAME": "Grated & Sliced Cheese"
					},
					"IS_FTO": false,
					"PRODUCT_TYPE": "STANDARD",
					"AVG_RATING": 4.375,
					"RATING_COUNT": 80.0,
					"PROMOS": {
						"EN": [
							{
								"ID": "10000479757",
								"NAME": "Any 2 for £4.48",
								"END_DATE": 1767225599.0,
								"START_DATE": 1755820800.0,
								"TYPE": 15
							}
						]
					},
					"ICONS": [
						{
							"ID": "51000002",
							"ICON_NAME": "801_NoShellfish",
							"CLICKABLE": false,
							"IMAGE_URL": "https://ui.assets-asda.com/dm/_000_Icon?&$Icon-wapp$",
							"START_DATE": 1551700800,
							"END_DATE": 1551873600,
							"PRIORITY": 10440.0
						},
						{
							"ID": "55200006",
							"ICON_NAME": "_008_RedTractorAUTO",
							"CLICKABLE": true,
							"IMAGE_URL": "https://ui.assets-asda.com/dm/_008_redtractor?&$icon-wapp$",
							"START_DATE": 1609329600,
							"END_DATE": 1682510400,
							"PRIORITY": 5354.0
						},
						{
							"ID": "1215429129918",
							"ICON_NAME": "_043_British",
							"CLICKABLE": true,
							"IMAGE_URL": "https://ui.assets-asda.com/dm/_043_british?",
							"END_DATE": 1682510400,
							"PRIORITY": 5435.0
						},
						{
							"ID": "1215559958453",
							"ICON_NAME": "_122_farmerowned",
							"CLICKABLE": true,
							"IMAGE_URL": "https://ui.assets-asda.com/dm/_122_farmerowned?",
							"END_DATE": 1682510400,
							"PRIORITY": 1562.0
						}
					],
					"PACK_SIZE": "250G",
					"STOCK": {
						"4565": 999
					},
					"MAX_QTY": 10,
					"objectID": "4642111",
					"_highlightResult": {
						"ID": {
							"value": "910001331193",
							"matchLevel": "none",
							"matchedWords": []
						},
						"CIN": {
							"value": "4642111",
							"matchLevel": "none",
							"matchedWords": []
						},
						"NAME": {
							"value": "British Grated Red Leicester <em>Cheese</em> 250g",
							"matchLevel": "full",
							"fullyHighlighted": false,
							"matchedWords": [
								"cheese"
							]
						},
						"BRAND": {
							"value": "ASDA",
							"matchLevel": "none",
							"matchedWords": []
						},
						"PRIMARY_TAXONOMY": {
							"AISLE_NAME": {
								"value": "Cheddar & Regional <em>Cheese</em>",
								"matchLevel": "full",
								"fullyHighlighted": false,
								"matchedWords": [
									"cheese"
								]
							},
							"SHELF_NAME": {
								"value": "Grated & Sliced <em>Cheese</em>",
								"matchLevel": "full",
								"fullyHighlighted": false,
								"matchedWords": [
									"cheese"
								]
							}
						},
						"LIFESTYLES": [
							{
								"value": "Suitable for Vegetarians",
								"matchLevel": "none",
								"matchedWords": []
							}
						]
					}
				},
				{
					"ID": "1000383137280",
					"STATUS": "A",
					"PHARMACY_RESTRICTED": false,
					"CIN": "7484821",
					"START_DATE": 1672747200.0,
					"END_DATE": 1924948800.0,
					"NAME": "Lighter Extra Mature Cheddar Cheese",
					"CS_YES": false,
					"SHOW_PRICE_CS": true,
					"SALES_TYPE": "Each",
					"IMAGE_ID": "5000295157224",
					"BRAND": "Cathedral City",
					"IS_BWS": false,
					"IS_FROZEN": false,
					"IS_SPONSORED": false,
					"PRICES": {
						"EN": {
							"OFFER": "Rollback",
							"PRICE": 2.93,
							"WASPRICE": 3.58,
							"PRICEPERUOM": 8.37143,
							"PRICEPERUOMFORMATTED": "£8.37/KG"
						}
					},
					"PRIMARY_TAXONOMY": {
						"CAT_ID": "1215660378320",
						"CAT_NAME": "Chilled Food",
						"DEPT_ID": "1215341805721",
						"DEPT_NAME": "Cheese",
						"AISLE_ID": "1215341805765",
						"AISLE_NAME": "Cheddar & Regional Cheese",
						"SHELF_ID": "1215341808640",
						"SHELF_NAME": "Mild & Medium Cheese"
					},
					"IS_FTO": false,
					"PRODUCT_TYPE": "STANDARD",
					"AVG_RATING": 4.5714,
					"RATING_COUNT": 21.0,
					"ICONS": [
						{
							"ID": "55000003",
							"ICON_NAME": "_151_UnionFlag",
							"CLICKABLE": false,
							"IMAGE_URL": "https://ui.assets-asda.comtest.jpg",
							"START_DATE": 1594728000,
							"END_DATE": 1600171200,
							"PRIORITY": 10427.0
						},
						{
							"ID": "55200006",
							"ICON_NAME": "_008_RedTractorAUTO",
							"CLICKABLE": true,
							"IMAGE_URL": "https://ui.assets-asda.com/dm/_008_redtractor?&$icon-wapp$",
							"START_DATE": 1609329600,
							"END_DATE": 1682510400,
							"PRIORITY": 5354.0
						}
					],
					"PACK_SIZE": "350G",
					"STOCK": {
						"4565": 999
					},
					"MAX_QTY": 10,
					"objectID": "7484821",
					"_highlightResult": {
						"ID": {
							"value": "1000383137280",
							"matchLevel": "none",
							"matchedWords": []
						},
						"CIN": {
							"value": "7484821",
							"matchLevel": "none",
							"matchedWords": []
						},
						"NAME": {
							"value": "Lighter Extra Mature Cheddar <em>Cheese</em>",
							"matchLevel": "full",
							"fullyHighlighted": false,
							"matchedWords": [
								"cheese"
							]
						},
						"KEYWORDS": {
							"value": "low fat <em>cheese</em>",
							"matchLevel": "full",
							"fullyHighlighted": false,
							"matchedWords": [
								"cheese"
							]
						},
						"BRAND": {
							"value": "Cathedral City",
							"matchLevel": "none",
							"matchedWords": []
						},
						"PRIMARY_TAXONOMY": {
							"AISLE_NAME": {
								"value": "Cheddar & Regional <em>Cheese</em>",
								"matchLevel": "full",
								"fullyHighlighted": false,
								"matchedWords": [
									"cheese"
								]
							},
							"SHELF_NAME": {
								"value": "Mild & Medium <em>Cheese</em>",
								"matchLevel": "full",
								"fullyHighlighted": false,
								"matchedWords": [
									"cheese"
								]
							}
						},
						"LIFESTYLES": [
							{
								"value": "Suitable for Vegetarians",
								"matchLevel": "none",
								"matchedWords": []
							}
						]
					}
				},
				{
					"ID": "1000131239627",
					"STATUS": "A",
					"PHARMACY_RESTRICTED": false,
					"CIN": "6413986",
					"START_DATE": 1558008000.0,
					"END_DATE": 1924948800.0,
					"NAME": "Cheese Spread 145g",
					"CS_YES": false,
					"SHOW_PRICE_CS": true,
					"SALES_TYPE": "Each",
					"IMAGE_ID": "7622210318947",
					"BRAND": "Dairylea",
					"IS_BWS": false,
					"IS_FROZEN": false,
					"IS_SPONSORED": false,
					"PRICES": {
						"EN": {
							"OFFER": "Dropped",
							"PRICE": 1.42,
							"WASPRICE": 1.75,
							"PRICEPERUOM": 9.7931,
							"PRICEPERUOMFORMATTED": "£9.79/KG"
						}
					},
					"PRIMARY_TAXONOMY": {
						"CAT_ID": "1215660378320",
						"CAT_NAME": "Chilled Food",
						"DEPT_ID": "1215341805721",
						"DEPT_NAME": "Cheese",
						"AISLE_ID": "1215341805865",
						"AISLE_NAME": "Soft & Cottage Cheese",
						"SHELF_ID": "1215341810422",
						"SHELF_NAME": "Cheese Spreads"
					},
					"IS_FTO": false,
					"PRODUCT_TYPE": "STANDARD",
					"AVG_RATING": 4.7343,
					"RATING_COUNT": 143.0,
					"PACK_SIZE": "145G",
					"STOCK": {
						"4565": 999
					},
					"MAX_QTY": 10,
					"objectID": "6413986",
					"_highlightResult": {
						"ID": {
							"value": "1000131239627",
							"matchLevel": "none",
							"matchedWords": []
						},
						"CIN": {
							"value": "6413986",
							"matchLevel": "none",
							"matchedWords": []
						},
						"NAME": {
							"value": "<em>Cheese</em> Spread 145g",
							"matchLevel": "full",
							"fullyHighlighted": false,
							"matchedWords": [
								"cheese"
							]
						},
						"KEYWORDS": {
							"value": "lunch box,lunchbox,lunch bag",
							"matchLevel": "none",
							"matchedWords": []
						},
						"BRAND": {
							"value": "Dairylea",
							"matchLevel": "none",
							"matchedWords": []
						},
						"PRIMARY_TAXONOMY": {
							"AISLE_NAME": {
								"value": "Soft & Cottage <em>Cheese</em>",
								"matchLevel": "full",
								"fullyHighlighted": false,
								"matchedWords": [
									"cheese"
								]
							},
							"SHELF_NAME": {
								"value": "<em>Cheese</em> Spreads",
								"matchLevel": "full",
								"fullyHighlighted": false,
								"matchedWords": [
									"cheese"
								]
							}
						},
						"LIFESTYLES": [
							{
								"value": "Suitable for Vegetarians",
								"matchLevel": "none",
								"matchedWords": []
							}
						]
					}
				},
				{
					"ID": "1000154478464",
					"STATUS": "A",
					"PHARMACY_RESTRICTED": false,
					"CIN": "6493003",
					"START_DATE": 1565697600.0,
					"END_DATE": 1924948800.0,
					"NAME": "Double Gloucester with Onion & Chives 200g",
					"CS_YES": false,
					"SHOW_PRICE_CS": true,
					"SALES_TYPE": "Each",
					"IMAGE_ID": "5057172205905",
					"BRAND": "ASDA",
					"IS_BWS": false,
					"IS_FROZEN": false,
					"IS_SPONSORED": false,
					"PRICES": {
						"EN": {
							"OFFER": "List",
							"PRICE": 2.54,
							"PRICEPERUOM": 12.7,
							"PRICEPERUOMFORMATTED": "£12.70/KG"
						}
					},
					"PRIMARY_TAXONOMY": {
						"CAT_ID": "1215660378320",
						"CAT_NAME": "Chilled Food",
						"DEPT_ID": "1215341805721",
						"DEPT_NAME": "Cheese",
						"AISLE_ID": "1215341805765",
						"AISLE_NAME": "Cheddar & Regional Cheese",
						"SHELF_ID": "1215341808998",
						"SHELF_NAME": "Red Leicester & Gloucester"
					},
					"IS_FTO": false,
					"PRODUCT_TYPE": "STANDARD",
					"AVG_RATING": 4.7119,
					"RATING_COUNT": 59.0,
					"ICONS": [
						{
							"ID": "51000002",
							"ICON_NAME": "801_NoShellfish",
							"CLICKABLE": false,
							"IMAGE_URL": "https://ui.assets-asda.com/dm/_000_Icon?&$Icon-wapp$",
							"START_DATE": 1551700800,
							"END_DATE": 1551873600,
							"PRIORITY": 10440.0
						},
						{
							"ID": "55200006",
							"ICON_NAME": "_008_RedTractorAUTO",
							"CLICKABLE": true,
							"IMAGE_URL": "https://ui.assets-asda.com/dm/_008_redtractor?&$icon-wapp$",
							"START_DATE": 1609329600,
							"END_DATE": 1682510400,
							"PRIORITY": 5354.0
						},
						{
							"ID": "1215429129918",
							"ICON_NAME": "_043_British",
							"CLICKABLE": true,
							"IMAGE_URL": "https://ui.assets-asda.com/dm/_043_british?",
							"END_DATE": 1682510400,
							"PRIORITY": 5435.0
						}
					],
					"PACK_SIZE": "200G",
					"STOCK": {
						"4565": 999
					},
					"MAX_QTY": 10,
					"objectID": "6493003",
					"_highlightResult": {
						"ID": {
							"value": "1000154478464",
							"matchLevel": "none",
							"matchedWords": []
						},
						"CIN": {
							"value": "6493003",
							"matchLevel": "none",
							"matchedWords": []
						},
						"NAME": {
							"value": "Double Gloucester with Onion & Chives 200g",
							"matchLevel": "none",
							"matchedWords": []
						},
						"KEYWORDS": {
							"value": "christmas <em>cheese</em>,xmas <em>cheese</em>",
							"matchLevel": "full",
							"fullyHighlighted": false,
							"matchedWords": [
								"cheese"
							]
						},
						"BRAND": {
							"value": "ASDA",
							"matchLevel": "none",
							"matchedWords": []
						},
						"PRIMARY_TAXONOMY": {
							"AISLE_NAME": {
								"value": "Cheddar & Regional <em>Cheese</em>",
								"matchLevel": "full",
								"fullyHighlighted": false,
								"matchedWords": [
									"cheese"
								]
							},
							"SHELF_NAME": {
								"value": "Red Leicester & Gloucester",
								"matchLevel": "none",
								"matchedWords": []
							}
						},
						"LIFESTYLES": [
							{
								"value": "Suitable for Vegetarians",
								"matchLevel": "none",
								"matchedWords": []
							}
						]
					}
				},
				{
					"ID": "1000383142828",
					"STATUS": "A",
					"PHARMACY_RESTRICTED": false,
					"CIN": "7497567",
					"START_DATE": 1677499200.0,
					"END_DATE": 1924948800.0,
					"NAME": "Mature Cheddar Cheese",
					"CS_YES": false,
					"SHOW_PRICE_CS": true,
					"SALES_TYPE": "Each",
					"IMAGE_ID": "5063089019696",
					"BRAND": "ASDA",
					"IS_BWS": false,
					"IS_FROZEN": false,
					"IS_SPONSORED": false,
					"PRICES": {
						"EN": {
							"OFFER": "List",
							"PRICE": 2.82,
							"PRICEPERUOM": 11.28,
							"PRICEPERUOMFORMATTED": "£11.28/KG"
						}
					},
					"PRIMARY_TAXONOMY": {
						"CAT_ID": "1215660378320",
						"CAT_NAME": "Chilled Food",
						"DEPT_ID": "1215341805721",
						"DEPT_NAME": "Cheese",
						"AISLE_ID": "1215341805765",
						"AISLE_NAME": "Cheddar & Regional Cheese",
						"SHELF_ID": "1215341808760",
						"SHELF_NAME": "Mature Cheese"
					},
					"IS_FTO": false,
					"PRODUCT_TYPE": "STANDARD",
					"AVG_RATING": 4.4444,
					"RATING_COUNT": 54.0,
					"ICONS": [
						{
							"ID": "51000002",
							"ICON_NAME": "801_NoShellfish",
							"CLICKABLE": false,
							"IMAGE_URL": "https://ui.assets-asda.com/dm/_000_Icon?&$Icon-wapp$",
							"START_DATE": 1551700800,
							"END_DATE": 1551873600,
							"PRIORITY": 10440.0
						},
						{
							"ID": "55200006",
							"ICON_NAME": "_008_RedTractorAUTO",
							"CLICKABLE": true,
							"IMAGE_URL": "https://ui.assets-asda.com/dm/_008_redtractor?&$icon-wapp$",
							"START_DATE": 1609329600,
							"END_DATE": 1682510400,
							"PRIORITY": 5354.0
						}
					],
					"PACK_SIZE": "250G",
					"STOCK": {
						"4565": 999
					},
					"MAX_QTY": 10,
					"objectID": "7497567",
					"_highlightResult": {
						"ID": {
							"value": "1000383142828",
							"matchLevel": "none",
							"matchedWords": []
						},
						"CIN": {
							"value": "7497567",
							"matchLevel": "none",
							"matchedWords": []
						},
						"NAME": {
							"value": "Mature Cheddar <em>Cheese</em>",
							"matchLevel": "full",
							"fullyHighlighted": false,
							"matchedWords": [
								"cheese"
							]
						},
						"BRAND": {
							"value": "ASDA",
							"matchLevel": "none",
							"matchedWords": []
						},
						"PRIMARY_TAXONOMY": {
							"AISLE_NAME": {
								"value": "Cheddar & Regional <em>Cheese</em>",
								"matchLevel": "full",
								"fullyHighlighted": false,
								"matchedWords": [
									"cheese"
								]
							},
							"SHELF_NAME": {
								"value": "Mature <em>Cheese</em>",
								"matchLevel": "full",
								"fullyHighlighted": false,
								"matchedWords": [
									"cheese"
								]
							}
						},
						"LIFESTYLES": [
							{
								"value": "Suitable for Vegetarians",
								"matchLevel": "none",
								"matchedWords": []
							}
						]
					}
				},
				{
					"ID": "13307594",
					"STATUS": "A",
					"PHARMACY_RESTRICTED": false,
					"CIN": "1773087",
					"START_DATE": -2208945600.0,
					"END_DATE": 1924948800.0,
					"NAME": "Garlic & Herbs Soft French Cream Cheese 150g",
					"CS_YES": false,
					"SHOW_PRICE_CS": true,
					"SALES_TYPE": "Each",
					"IMAGE_ID": "3175460000017",
					"BRAND": "Boursin",
					"IS_BWS": false,
					"IS_FROZEN": false,
					"IS_SPONSORED": false,
					"PRICES": {
						"EN": {
							"OFFER": "List",
							"PRICE": 2.94,
							"PRICEPERUOM": 19.6,
							"PRICEPERUOMFORMATTED": "£19.60/KG"
						}
					},
					"PRIMARY_TAXONOMY": {
						"CAT_ID": "1215660378320",
						"CAT_NAME": "Chilled Food",
						"DEPT_ID": "1215341805721",
						"DEPT_NAME": "Cheese",
						"AISLE_ID": "1215341805865",
						"AISLE_NAME": "Soft & Cottage Cheese",
						"SHELF_ID": "1215341810422",
						"SHELF_NAME": "Cheese Spreads"
					},
					"IS_FTO": false,
					"PRODUCT_TYPE": "STANDARD",
					"AVG_RATING": 4.7033,
					"RATING_COUNT": 182.0,
					"ICONS": [
						{
							"ID": "51000002",
							"ICON_NAME": "801_NoShellfish",
							"CLICKABLE": false,
							"IMAGE_URL": "https://ui.assets-asda.com/dm/_000_Icon?&$Icon-wapp$",
							"START_DATE": 1551700800,
							"END_DATE": 1551873600,
							"PRIORITY": 10440.0
						}
					],
					"PACK_SIZE": "150G",
					"STOCK": {
						"4565": 999
					},
					"MAX_QTY": 10,
					"objectID": "1773087",
					"_highlightResult": {
						"ID": {
							"value": "13307594",
							"matchLevel": "none",
							"matchedWords": []
						},
						"CIN": {
							"value": "1773087",
							"matchLevel": "none",
							"matchedWords": []
						},
						"NAME": {
							"value": "Garlic & Herbs Soft French Cream <em>Cheese</em> 150g",
							"matchLevel": "full",
							"fullyHighlighted": false,
							"matchedWords": [
								"cheese"
							]
						},
						"KEYWORDS": {
							"value": "<em>cheese</em>board,soft <em>cheese</em>,<em>cheese</em>board,french <em>cheese</em>,soft french <em>cheese</em>,intense <em>cheese</em>,christmas <em>cheese</em>,cooking <em>cheese</em>,cream <em>cheese</em>,garlic <em>cheese</em>,<em>cheese</em> spread,continental <em>cheese</em>,<em>cheese</em> board",
							"matchLevel": "full",
							"fullyHighlighted": false,
							"matchedWords": [
								"cheese"
							]
						},
						"BRAND": {
							"value": "Boursin",
							"matchLevel": "none",
							"matchedWords": []
						},
						"PRIMARY_TAXONOMY": {
							"AISLE_NAME": {
								"value": "Soft & Cottage <em>Cheese</em>",
								"matchLevel": "full",
								"fullyHighlighted": false,
								"matchedWords": [
									"cheese"
								]
							},
							"SHELF_NAME": {
								"value": "<em>Cheese</em> Spreads",
								"matchLevel": "full",
								"fullyHighlighted": false,
								"matchedWords": [
									"cheese"
								]
							}
						}
					}
				},
				{
					"ID": "910001331711",
					"STATUS": "A",
					"PHARMACY_RESTRICTED": false,
					"CIN": "4642101",
					"START_DATE": 1397131200.0,
					"END_DATE": 1924948800.0,
					"NAME": "British Mild Grated Cheddar Cheese 250g",
					"CS_YES": false,
					"SHOW_PRICE_CS": true,
					"SALES_TYPE": "Each",
					"IMAGE_ID": "5054070243879",
					"BRAND": "ASDA",
					"IS_BWS": false,
					"IS_FROZEN": false,
					"IS_SPONSORED": false,
					"PRICES": {
						"EN": {
							"OFFER": "List",
							"PRICE": 2.54,
							"PRICEPERUOM": 10.16,
							"PRICEPERUOMFORMATTED": "£10.16/KG"
						}
					},
					"PRIMARY_TAXONOMY": {
						"CAT_ID": "1215660378320",
						"CAT_NAME": "Chilled Food",
						"DEPT_ID": "1215341805721",
						"DEPT_NAME": "Cheese",
						"AISLE_ID": "1215341805765",
						"AISLE_NAME": "Cheddar & Regional Cheese",
						"SHELF_ID": "1215626750653",
						"SHELF_NAME": "Grated & Sliced Cheese"
					},
					"IS_FTO": false,
					"PRODUCT_TYPE": "STANDARD",
					"AVG_RATING": 4.3,
					"RATING_COUNT": 60.0,
					"PROMOS": {
						"EN": [
							{
								"ID": "10000479757",
								"NAME": "Any 2 for £4.48",
								"END_DATE": 1767225599.0,
								"START_DATE": 1755820800.0,
								"TYPE": 15
							}
						]
					},
					"ICONS": [
						{
							"ID": "51000002",
							"ICON_NAME": "801_NoShellfish",
							"CLICKABLE": false,
							"IMAGE_URL": "https://ui.assets-asda.com/dm/_000_Icon?&$Icon-wapp$",
							"START_DATE": 1551700800,
							"END_DATE": 1551873600,
							"PRIORITY": 10440.0
						},
						{
							"ID": "55200006",
							"ICON_NAME": "_008_RedTractorAUTO",
							"CLICKABLE": true,
							"IMAGE_URL": "https://ui.assets-asda.com/dm/_008_redtractor?&$icon-wapp$",
							"START_DATE": 1609329600,
							"END_DATE": 1682510400,
							"PRIORITY": 5354.0
						},
						{
							"ID": "1215429129918",
							"ICON_NAME": "_043_British",
							"CLICKABLE": true,
							"IMAGE_URL": "https://ui.assets-asda.com/dm/_043_british?",
							"END_DATE": 1682510400,
							"PRIORITY": 5435.0
						},
						{
							"ID": "1215559958453",
							"ICON_NAME": "_122_farmerowned",
							"CLICKABLE": true,
							"IMAGE_URL": "https://ui.assets-asda.com/dm/_122_farmerowned?",
							"END_DATE": 1682510400,
							"PRIORITY": 1562.0
						}
					],
					"PACK_SIZE": "250G",
					"STOCK": {
						"4565": 999
					},
					"MAX_QTY": 10,
					"objectID": "4642101",
					"_highlightResult": {
						"ID": {
							"value": "910001331711",
							"matchLevel": "none",
							"matchedWords": []
						},
						"CIN": {
							"value": "4642101",
							"matchLevel": "none",
							"matchedWords": []
						},
						"NAME": {
							"value": "British Mild Grated Cheddar <em>Cheese</em> 250g",
							"matchLevel": "full",
							"fullyHighlighted": false,
							"matchedWords": [
								"cheese"
							]
						},
						"BRAND": {
							"value": "ASDA",
							"matchLevel": "none",
							"matchedWords": []
						},
						"PRIMARY_TAXONOMY": {
							"AISLE_NAME": {
								"value": "Cheddar & Regional <em>Cheese</em>",
								"matchLevel": "full",
								"fullyHighlighted": false,
								"matchedWords": [
									"cheese"
								]
							},
							"SHELF_NAME": {
								"value": "Grated & Sliced <em>Cheese</em>",
								"matchLevel": "full",
								"fullyHighlighted": false,
								"matchedWords": [
									"cheese"
								]
							}
						},
						"LIFESTYLES": [
							{
								"value": "Suitable for Vegetarians",
								"matchLevel": "none",
								"matchedWords": []
							}
						]
					}
				},
				{
					"ID": "910001256396",
					"STATUS": "A",
					"PHARMACY_RESTRICTED": false,
					"CIN": "4545237",
					"START_DATE": -2208945600.0,
					"END_DATE": 1924948800.0,
					"NAME": "British 10 Mild Cheddar Cheese Slices",
					"CS_YES": false,
					"SHOW_PRICE_CS": true,
					"SALES_TYPE": "Each",
					"IMAGE_ID": "5054070150375",
					"BRAND": "ASDA",
					"IS_BWS": false,
					"IS_FROZEN": false,
					"IS_SPONSORED": false,
					"PRICES": {
						"EN": {
							"OFFER": "List",
							"PRICE": 2.54,
							"PRICEPERUOM": 10.16,
							"PRICEPERUOMFORMATTED": "£10.16/KG"
						}
					},
					"PRIMARY_TAXONOMY": {
						"CAT_ID": "1215660378320",
						"CAT_NAME": "Chilled Food",
						"DEPT_ID": "1215341805721",
						"DEPT_NAME": "Cheese",
						"AISLE_ID": "1215341805765",
						"AISLE_NAME": "Cheddar & Regional Cheese",
						"SHELF_ID": "1215626750653",
						"SHELF_NAME": "Grated & Sliced Cheese"
					},
					"IS_FTO": false,
					"PRODUCT_TYPE": "STANDARD",
					"AVG_RATING": 4.4789,
					"RATING_COUNT": 71.0,
					"PROMOS": {
						"EN": [
							{
								"ID": "10000479757",
								"NAME": "Any 2 for £4.48",
								"END_DATE": 1767225599.0,
								"START_DATE": 1755820800.0,
								"TYPE": 15
							}
						]
					},
					"ICONS": [
						{
							"ID": "51000002",
							"ICON_NAME": "801_NoShellfish",
							"CLICKABLE": false,
							"IMAGE_URL": "https://ui.assets-asda.com/dm/_000_Icon?&$Icon-wapp$",
							"START_DATE": 1551700800,
							"END_DATE": 1551873600,
							"PRIORITY": 10440.0
						},
						{
							"ID": "55200006",
							"ICON_NAME": "_008_RedTractorAUTO",
							"CLICKABLE": true,
							"IMAGE_URL": "https://ui.assets-asda.com/dm/_008_redtractor?&$icon-wapp$",
							"START_DATE": 1609329600,
							"END_DATE": 1682510400,
							"PRIORITY": 5354.0
						},
						{
							"ID": "59600445",
							"ICON_NAME": "M&S Taste Match",
							"CLICKABLE": true,
							"IMAGE_URL": "https://ui.assets-asda.com/dm/M-S-Taste-Match-Icon?",
							"START_DATE": 1695643200,
							"END_DATE": 1725019200,
							"PRIORITY": 70.0
						},
						{
							"ID": "1215429129918",
							"ICON_NAME": "_043_British",
							"CLICKABLE": true,
							"IMAGE_URL": "https://ui.assets-asda.com/dm/_043_british?",
							"END_DATE": 1682510400,
							"PRIORITY": 5435.0
						},
						{
							"ID": "1215559958453",
							"ICON_NAME": "_122_farmerowned",
							"CLICKABLE": true,
							"IMAGE_URL": "https://ui.assets-asda.com/dm/_122_farmerowned?",
							"END_DATE": 1682510400,
							"PRIORITY": 1562.0
						}
					],
					"PACK_SIZE": "250G",
					"STOCK": {
						"4565": 999
					},
					"MAX_QTY": 10,
					"objectID": "4545237",
					"_highlightResult": {
						"ID": {
							"value": "910001256396",
							"matchLevel": "none",
							"matchedWords": []
						},
						"CIN": {
							"value": "4545237",
							"matchLevel": "none",
							"matchedWords": []
						},
						"NAME": {
							"value": "British 10 Mild Cheddar <em>Cheese</em> Slices",
							"matchLevel": "full",
							"fullyHighlighted": false,
							"matchedWords": [
								"cheese"
							]
						},
						"KEYWORDS": {
							"value": "M&S taste match,taste match,M&S Taste match,taste match,burger <em>cheese</em>,packed lunch,pack lunch,sandwich fillings",
							"matchLevel": "full",
							"fullyHighlighted": false,
							"matchedWords": [
								"cheese"
							]
						},
						"BRAND": {
							"value": "ASDA",
							"matchLevel": "none",
							"matchedWords": []
						},
						"PRIMARY_TAXONOMY": {
							"AISLE_NAME": {
								"value": "Cheddar & Regional <em>Cheese</em>",
								"matchLevel": "full",
								"fullyHighlighted": false,
								"matchedWords": [
									"cheese"
								]
							},
							"SHELF_NAME": {
								"value": "Grated & Sliced <em>Cheese</em>",
								"matchLevel": "full",
								"fullyHighlighted": false,
								"matchedWords": [
									"cheese"
								]
							}
						},
						"LIFESTYLES": [
							{
								"value": "Suitable for Vegetarians",
								"matchLevel": "none",
								"matchedWords": []
							}
						]
					}
				},
				{
					"ID": "1000186791277",
					"STATUS": "A",
					"PHARMACY_RESTRICTED": false,
					"CIN": "6594606",
					"START_DATE": 1719748800.0,
					"END_DATE": 2240568000.0,
					"NAME": "Our Extra Mature Cheddar 550g",
					"CS_YES": false,
					"SHOW_PRICE_CS": true,
					"SALES_TYPE": "Each",
					"IMAGE_ID": "5000295148154",
					"BRAND": "Cathedral City",
					"IS_BWS": false,
					"IS_FROZEN": false,
					"IS_SPONSORED": false,
					"PRICES": {
						"EN": {
							"OFFER": "List",
							"PRICE": 5.34,
							"PRICEPERUOM": 9.70909,
							"PRICEPERUOMFORMATTED": "£9.71/KG"
						}
					},
					"PRIMARY_TAXONOMY": {
						"CAT_ID": "1215660378320",
						"CAT_NAME": "Chilled Food",
						"DEPT_ID": "1215341805721",
						"DEPT_NAME": "Cheese",
						"AISLE_ID": "1215341805765",
						"AISLE_NAME": "Cheddar & Regional Cheese",
						"SHELF_ID": "1215341808819",
						"SHELF_NAME": "Extra Mature & Vintage Cheese"
					},
					"IS_FTO": false,
					"PRODUCT_TYPE": "STANDARD",
					"AVG_RATING": 4.7513,
					"RATING_COUNT": 189.0,
					"ICONS": [
						{
							"ID": "55000003",
							"ICON_NAME": "_151_UnionFlag",
							"CLICKABLE": false,
							"IMAGE_URL": "https://ui.assets-asda.comtest.jpg",
							"START_DATE": 1594728000,
							"END_DATE": 1600171200,
							"PRIORITY": 10427.0
						},
						{
							"ID": "55200006",
							"ICON_NAME": "_008_RedTractorAUTO",
							"CLICKABLE": true,
							"IMAGE_URL": "https://ui.assets-asda.com/dm/_008_redtractor?&$icon-wapp$",
							"START_DATE": 1609329600,
							"END_DATE": 1682510400,
							"PRIORITY": 5354.0
						}
					],
					"PACK_SIZE": "550G",
					"STOCK": {
						"4565": 0
					},
					"MAX_QTY": 10,
					"objectID": "6594606",
					"_highlightResult": {
						"ID": {
							"value": "1000186791277",
							"matchLevel": "none",
							"matchedWords": []
						},
						"CIN": {
							"value": "6594606",
							"matchLevel": "none",
							"matchedWords": []
						},
						"NAME": {
							"value": "Our Extra Mature Cheddar 550g",
							"matchLevel": "none",
							"matchedWords": []
						},
						"BRAND": {
							"value": "Cathedral City",
							"matchLevel": "none",
							"matchedWords": []
						},
						"PRIMARY_TAXONOMY": {
							"AISLE_NAME": {
								"value": "Cheddar & Regional <em>Cheese</em>",
								"matchLevel": "full",
								"fullyHighlighted": false,
								"matchedWords": [
									"cheese"
								]
							},
							"SHELF_NAME": {
								"value": "Extra Mature & Vintage <em>Cheese</em>",
								"matchLevel": "full",
								"fullyHighlighted": false,
								"matchedWords": [
									"cheese"
								]
							}
						},
						"LIFESTYLES": [
							{
								"value": "Suitable for Vegetarians",
								"matchLevel": "none",
								"matchedWords": []
							}
						]
					}
				},
				{
					"ID": "1000383142864",
					"STATUS": "A",
					"PHARMACY_RESTRICTED": false,
					"CIN": "7497571",
					"START_DATE": 1677499200.0,
					"END_DATE": 1924948800.0,
					"NAME": "Red Leicester British Cheese",
					"CS_YES": false,
					"SHOW_PRICE_CS": true,
					"SALES_TYPE": "Each",
					"IMAGE_ID": "5063089019733",
					"BRAND": "ASDA",
					"IS_BWS": false,
					"IS_FROZEN": false,
					"IS_SPONSORED": false,
					"PRICES": {
						"EN": {
							"OFFER": "List",
							"PRICE": 2.82,
							"PRICEPERUOM": 11.28,
							"PRICEPERUOMFORMATTED": "£11.28/KG"
						}
					},
					"PRIMARY_TAXONOMY": {
						"CAT_ID": "1215660378320",
						"CAT_NAME": "Chilled Food",
						"DEPT_ID": "1215341805721",
						"DEPT_NAME": "Cheese",
						"AISLE_ID": "1215341805765",
						"AISLE_NAME": "Cheddar & Regional Cheese",
						"SHELF_ID": "1215341808998",
						"SHELF_NAME": "Red Leicester & Gloucester"
					},
					"IS_FTO": false,
					"PRODUCT_TYPE": "STANDARD",
					"AVG_RATING": 4.5882,
					"RATING_COUNT": 51.0,
					"ICONS": [
						{
							"ID": "51000002",
							"ICON_NAME": "801_NoShellfish",
							"CLICKABLE": false,
							"IMAGE_URL": "https://ui.assets-asda.com/dm/_000_Icon?&$Icon-wapp$",
							"START_DATE": 1551700800,
							"END_DATE": 1551873600,
							"PRIORITY": 10440.0
						},
						{
							"ID": "55200006",
							"ICON_NAME": "_008_RedTractorAUTO",
							"CLICKABLE": true,
							"IMAGE_URL": "https://ui.assets-asda.com/dm/_008_redtractor?&$icon-wapp$",
							"START_DATE": 1609329600,
							"END_DATE": 1682510400,
							"PRIORITY": 5354.0
						}
					],
					"PACK_SIZE": "250G",
					"STOCK": {
						"4565": 999
					},
					"MAX_QTY": 10,
					"objectID": "7497571",
					"_highlightResult": {
						"ID": {
							"value": "1000383142864",
							"matchLevel": "none",
							"matchedWords": []
						},
						"CIN": {
							"value": "7497571",
							"matchLevel": "none",
							"matchedWords": []
						},
						"NAME": {
							"value": "Red Leicester British <em>Cheese</em>",
							"matchLevel": "full",
							"fullyHighlighted": false,
							"matchedWords": [
								"cheese"
							]
						},
						"BRAND": {
							"value": "ASDA",
							"matchLevel": "none",
							"matchedWords": []
						},
						"PRIMARY_TAXONOMY": {
							"AISLE_NAME": {
								"value": "Cheddar & Regional <em>Cheese</em>",
								"matchLevel": "full",
								"fullyHighlighted": false,
								"matchedWords": [
									"cheese"
								]
							},
							"SHELF_NAME": {
								"value": "Red Leicester & Gloucester",
								"matchLevel": "none",
								"matchedWords": []
							}
						},
						"LIFESTYLES": [
							{
								"value": "Suitable for Vegetarians",
								"matchLevel": "none",
								"matchedWords": []
							}
						]
					}
				},
				{
					"ID": "910000542825",
					"STATUS": "A",
					"PHARMACY_RESTRICTED": false,
					"CIN": "3844549",
					"START_DATE": 1440417600.0,
					"END_DATE": 1924948800.0,
					"NAME": "Creamy Original Soft Cheese 200g",
					"CS_YES": false,
					"SHOW_PRICE_CS": true,
					"SALES_TYPE": "Each",
					"IMAGE_ID": "5052449483161",
					"BRAND": "ASDA",
					"IS_BWS": false,
					"IS_FROZEN": false,
					"IS_SPONSORED": false,
					"PRICES": {
						"EN": {
							"OFFER": "List",
							"PRICE": 1.48,
							"PRICEPERUOM": 7.4,
							"PRICEPERUOMFORMATTED": "£7.40/KG"
						}
					},
					"PRIMARY_TAXONOMY": {
						"CAT_ID": "1215660378320",
						"CAT_NAME": "Chilled Food",
						"DEPT_ID": "1215341805721",
						"DEPT_NAME": "Cheese",
						"AISLE_ID": "1215341805865",
						"AISLE_NAME": "Soft & Cottage Cheese",
						"SHELF_ID": "1215341810303",
						"SHELF_NAME": "Soft Cheese"
					},
					"IS_FTO": false,
					"PRODUCT_TYPE": "STANDARD",
					"AVG_RATING": 4.5754,
					"RATING_COUNT": 179.0,
					"ICONS": [
						{
							"ID": "51000002",
							"ICON_NAME": "801_NoShellfish",
							"CLICKABLE": false,
							"IMAGE_URL": "https://ui.assets-asda.com/dm/_000_Icon?&$Icon-wapp$",
							"START_DATE": 1551700800,
							"END_DATE": 1551873600,
							"PRIORITY": 10440.0
						}
					],
					"PACK_SIZE": "200G",
					"STOCK": {
						"4565": 999
					},
					"MAX_QTY": 10,
					"objectID": "3844549",
					"_highlightResult": {
						"ID": {
							"value": "910000542825",
							"matchLevel": "none",
							"matchedWords": []
						},
						"CIN": {
							"value": "3844549",
							"matchLevel": "none",
							"matchedWords": []
						},
						"NAME": {
							"value": "Creamy Original Soft <em>Cheese</em> 200g",
							"matchLevel": "full",
							"fullyHighlighted": false,
							"matchedWords": [
								"cheese"
							]
						},
						"KEYWORDS": {
							"value": "packed lunch,cream <em>cheese</em>,<em>cheese</em> spread",
							"matchLevel": "full",
							"fullyHighlighted": false,
							"matchedWords": [
								"cheese"
							]
						},
						"BRAND": {
							"value": "ASDA",
							"matchLevel": "none",
							"matchedWords": []
						},
						"PRIMARY_TAXONOMY": {
							"AISLE_NAME": {
								"value": "Soft & Cottage <em>Cheese</em>",
								"matchLevel": "full",
								"fullyHighlighted": false,
								"matchedWords": [
									"cheese"
								]
							},
							"SHELF_NAME": {
								"value": "Soft <em>Cheese</em>",
								"matchLevel": "full",
								"fullyHighlighted": false,
								"matchedWords": [
									"cheese"
								]
							}
						},
						"LIFESTYLES": [
							{
								"value": "Suitable for Vegetarians",
								"matchLevel": "none",
								"matchedWords": []
							}
						]
					}
				},
				{
					"ID": "1000383142851",
					"STATUS": "A",
					"PHARMACY_RESTRICTED": false,
					"CIN": "7497565",
					"START_DATE": 1669636800.0,
					"END_DATE": 1924948800.0,
					"NAME": "British Mild Cheddar 250g",
					"CS_YES": false,
					"SHOW_PRICE_CS": true,
					"SALES_TYPE": "Each",
					"IMAGE_ID": "5063089019672",
					"BRAND": "ASDA",
					"IS_BWS": false,
					"IS_FROZEN": false,
					"IS_SPONSORED": false,
					"PRICES": {
						"EN": {
							"OFFER": "List",
							"PRICE": 2.82,
							"PRICEPERUOM": 11.28,
							"PRICEPERUOMFORMATTED": "£11.28/KG"
						}
					},
					"PRIMARY_TAXONOMY": {
						"CAT_ID": "1215660378320",
						"CAT_NAME": "Chilled Food",
						"DEPT_ID": "1215341805721",
						"DEPT_NAME": "Cheese",
						"AISLE_ID": "1215341805765",
						"AISLE_NAME": "Cheddar & Regional Cheese",
						"SHELF_ID": "1215341808640",
						"SHELF_NAME": "Mild & Medium Cheese"
					},
					"IS_FTO": false,
					"PRODUCT_TYPE": "STANDARD",
					"AVG_RATING": 4.5854,
					"RATING_COUNT": 41.0,
					"ICONS": [
						{
							"ID": "51000002",
							"ICON_NAME": "801_NoShellfish",
							"CLICKABLE": false,
							"IMAGE_URL": "https://ui.assets-asda.com/dm/_000_Icon?&$Icon-wapp$",
							"START_DATE": 1551700800,
							"END_DATE": 1551873600,
							"PRIORITY": 10440.0
						},
						{
							"ID": "55200006",
							"ICON_NAME": "_008_RedTractorAUTO",
							"CLICKABLE": true,
							"IMAGE_URL": "https://ui.assets-asda.com/dm/_008_redtractor?&$icon-wapp$",
							"START_DATE": 1609329600,
							"END_DATE": 1682510400,
							"PRIORITY": 5354.0
						},
						{
							"ID": "1215429129918",
							"ICON_NAME": "_043_British",
							"CLICKABLE": true,
							"IMAGE_URL": "https://ui.assets-asda.com/dm/_043_british?",
							"END_DATE": 1682510400,
							"PRIORITY": 5435.0
						}
					],
					"PACK_SIZE": "250G",
					"STOCK": {
						"4565": 999
					},
					"MAX_QTY": 10,
					"objectID": "7497565",
					"_highlightResult": {
						"ID": {
							"value": "1000383142851",
							"matchLevel": "none",
							"matchedWords": []
						},
						"CIN": {
							"value": "7497565",
							"matchLevel": "none",
							"matchedWords": []
						},
						"NAME": {
							"value": "British Mild Cheddar 250g",
							"matchLevel": "none",
							"matchedWords": []
						},
						"BRAND": {
							"value": "ASDA",
							"matchLevel": "none",
							"matchedWords": []
						},
						"PRIMARY_TAXONOMY": {
							"AISLE_NAME": {
								"value": "Cheddar & Regional <em>Cheese</em>",
								"matchLevel": "full",
								"fullyHighlighted": false,
								"matchedWords": [
									"cheese"
								]
							},
							"SHELF_NAME": {
								"value": "Mild & Medium <em>Cheese</em>",
								"matchLevel": "full",
								"fullyHighlighted": false,
								"matchedWords": [
									"cheese"
								]
							}
						},
						"LIFESTYLES": [
							{
								"value": "Suitable for Vegetarians",
								"matchLevel": "none",
								"matchedWords": []
							}
						]
					}
				},
				{
					"ID": "1000383272366",
					"STATUS": "A",
					"PHARMACY_RESTRICTED": false,
					"CIN": "9242505",
					"START_DATE": 1737979200.0,
					"END_DATE": 1924948800.0,
					"NAME": "Lunchers Ham And Cheese Convenience Meals 65g",
					"CS_YES": false,
					"SHOW_PRICE_CS": true,
					"SALES_TYPE": "Each",
					"IMAGE_ID": "07622202261602",
					"BRAND": "Dairylea",
					"IS_BWS": false,
					"IS_FROZEN": false,
					"IS_SPONSORED": false,
					"PRICES": {
						"EN": {
							"OFFER": "List",
							"PRICE": 1.53,
							"PRICEPERUOM": 2.35385,
							"PRICEPERUOMFORMATTED": "£2.35/KG"
						}
					},
					"PRIMARY_TAXONOMY": {
						"CAT_ID": "1215660378320",
						"CAT_NAME": "Chilled Food",
						"DEPT_ID": "1215341805721",
						"DEPT_NAME": "Cheese",
						"AISLE_ID": "1215341805914",
						"AISLE_NAME": "Cheese Snacks & Lunchbox",
						"SHELF_ID": "1215341830101",
						"SHELF_NAME": "Cheese Snacking"
					},
					"IS_FTO": false,
					"PRODUCT_TYPE": "STANDARD",
					"AVG_RATING": 4.6667,
					"RATING_COUNT": 15.0,
					"PACK_SIZE": "65G",
					"STOCK": {
						"4565": 999
					},
					"MAX_QTY": 10,
					"objectID": "9242505",
					"_highlightResult": {
						"ID": {
							"value": "1000383272366",
							"matchLevel": "none",
							"matchedWords": []
						},
						"CIN": {
							"value": "9242505",
							"matchLevel": "none",
							"matchedWords": []
						},
						"NAME": {
							"value": "Lunchers Ham And <em>Cheese</em> Convenience Meals 65g",
							"matchLevel": "full",
							"fullyHighlighted": false,
							"matchedWords": [
								"cheese"
							]
						},
						"KEYWORDS": {
							"value": "Lunchables",
							"matchLevel": "none",
							"matchedWords": []
						},
						"BRAND": {
							"value": "Dairylea",
							"matchLevel": "none",
							"matchedWords": []
						},
						"PRIMARY_TAXONOMY": {
							"AISLE_NAME": {
								"value": "<em>Cheese</em> Snacks & Lunchbox",
								"matchLevel": "full",
								"fullyHighlighted": false,
								"matchedWords": [
									"cheese"
								]
							},
							"SHELF_NAME": {
								"value": "<em>Cheese</em> Snacking",
								"matchLevel": "full",
								"fullyHighlighted": false,
								"matchedWords": [
									"cheese"
								]
							}
						}
					}
				},
				{
					"ID": "910002987951",
					"STATUS": "A",
					"PHARMACY_RESTRICTED": false,
					"CIN": "5717695",
					"START_DATE": 1486987200.0,
					"END_DATE": 1924948800.0,
					"NAME": "British Mild Cheddar 750g",
					"CS_YES": false,
					"SHOW_PRICE_CS": true,
					"SALES_TYPE": "Each",
					"IMAGE_ID": "5054781337287",
					"BRAND": "ASDA",
					"IS_BWS": false,
					"IS_FROZEN": false,
					"IS_SPONSORED": false,
					"PRICES": {
						"EN": {
							"OFFER": "List",
							"PRICE": 4.92,
							"PRICEPERUOM": 6.56,
							"PRICEPERUOMFORMATTED": "£6.56/KG"
						}
					},
					"PRIMARY_TAXONOMY": {
						"CAT_ID": "1215660378320",
						"CAT_NAME": "Chilled Food",
						"DEPT_ID": "1215341805721",
						"DEPT_NAME": "Cheese",
						"AISLE_ID": "1215341805765",
						"AISLE_NAME": "Cheddar & Regional Cheese",
						"SHELF_ID": "1215341808640",
						"SHELF_NAME": "Mild & Medium Cheese"
					},
					"IS_FTO": false,
					"PRODUCT_TYPE": "STANDARD",
					"AVG_RATING": 4.3451,
					"RATING_COUNT": 255.0,
					"ICONS": [
						{
							"ID": "51000002",
							"ICON_NAME": "801_NoShellfish",
							"CLICKABLE": false,
							"IMAGE_URL": "https://ui.assets-asda.com/dm/_000_Icon?&$Icon-wapp$",
							"START_DATE": 1551700800,
							"END_DATE": 1551873600,
							"PRIORITY": 10440.0
						},
						{
							"ID": "55200006",
							"ICON_NAME": "_008_RedTractorAUTO",
							"CLICKABLE": true,
							"IMAGE_URL": "https://ui.assets-asda.com/dm/_008_redtractor?&$icon-wapp$",
							"START_DATE": 1609329600,
							"END_DATE": 1682510400,
							"PRIORITY": 5354.0
						}
					],
					"PACK_SIZE": "750G",
					"STOCK": {
						"4565": 999
					},
					"MAX_QTY": 10,
					"objectID": "5717695",
					"_highlightResult": {
						"ID": {
							"value": "910002987951",
							"matchLevel": "none",
							"matchedWords": []
						},
						"CIN": {
							"value": "5717695",
							"matchLevel": "none",
							"matchedWords": []
						},
						"NAME": {
							"value": "British Mild Cheddar 750g",
							"matchLevel": "none",
							"matchedWords": []
						},
						"BRAND": {
							"value": "ASDA",
							"matchLevel": "none",
							"matchedWords": []
						},
						"PRIMARY_TAXONOMY": {
							"AISLE_NAME": {
								"value": "Cheddar & Regional <em>Cheese</em>",
								"matchLevel": "full",
								"fullyHighlighted": false,
								"matchedWords": [
									"cheese"
								]
							},
							"SHELF_NAME": {
								"value": "Mild & Medium <em>Cheese</em>",
								"matchLevel": "full",
								"fullyHighlighted": false,
								"matchedWords": [
									"cheese"
								]
							}
						},
						"LIFESTYLES": [
							{
								"value": "Suitable for Vegetarians",
								"matchLevel": "none",
								"matchedWords": []
							}
						]
					}
				},
				{
					"ID": "1000383274087",
					"STATUS": "A",
					"PHARMACY_RESTRICTED": false,
					"CIN": "9247516",
					"START_DATE": 1749211200.0,
					"END_DATE": 1924948800.0,
					"NAME": "10 Mature Cheesy Slices 10x20g (200g)",
					"CS_YES": false,
					"SHOW_PRICE_CS": true,
					"SALES_TYPE": "Each",
					"IMAGE_ID": "5063089827420",
					"BRAND": "ASDA",
					"IS_BWS": false,
					"IS_FROZEN": false,
					"IS_SPONSORED": false,
					"PRICES": {
						"EN": {
							"OFFER": "List",
							"PRICE": 1.2,
							"PRICEPERUOM": 6.0,
							"PRICEPERUOMFORMATTED": "£6.00/KG"
						}
					},
					"PRIMARY_TAXONOMY": {
						"CAT_ID": "1215660378320",
						"CAT_NAME": "Chilled Food",
						"DEPT_ID": "1215341805721",
						"DEPT_NAME": "Cheese",
						"AISLE_ID": "1215341805815",
						"AISLE_NAME": "Grated & Sliced Cheese",
						"SHELF_ID": "1215341810182",
						"SHELF_NAME": "Cheese Slices"
					},
					"IS_FTO": false,
					"PRODUCT_TYPE": "STANDARD",
					"AVG_RATING": 5.0,
					"RATING_COUNT": 3.0,
					"PACK_SIZE": "200g",
					"STOCK": {
						"4565": 999
					},
					"MAX_QTY": 10,
					"objectID": "9247516",
					"_highlightResult": {
						"ID": {
							"value": "1000383274087",
							"matchLevel": "none",
							"matchedWords": []
						},
						"CIN": {
							"value": "9247516",
							"matchLevel": "none",
							"matchedWords": []
						},
						"NAME": {
							"value": "10 Mature Cheesy Slices 10x20g (200g)",
							"matchLevel": "none",
							"matchedWords": []
						},
						"BRAND": {
							"value": "ASDA",
							"matchLevel": "none",
							"matchedWords": []
						},
						"PRIMARY_TAXONOMY": {
							"AISLE_NAME": {
								"value": "Grated & Sliced <em>Cheese</em>",
								"matchLevel": "full",
								"fullyHighlighted": false,
								"matchedWords": [
									"cheese"
								]
							},
							"SHELF_NAME": {
								"value": "<em>Cheese</em> Slices",
								"matchLevel": "full",
								"fullyHighlighted": false,
								"matchedWords": [
									"cheese"
								]
							}
						},
						"LIFESTYLES": [
							{
								"value": "Suitable for Vegetarians",
								"matchLevel": "none",
								"matchedWords": []
							}
						]
					}
				},
				{
					"ID": "910002128511",
					"STATUS": "A",
					"PHARMACY_RESTRICTED": false,
					"CIN": "5244098",
					"START_DATE": 1562328000.0,
					"END_DATE": 1924948800.0,
					"NAME": "Gouda Cheese",
					"CS_YES": false,
					"SHOW_PRICE_CS": true,
					"SALES_TYPE": "Each",
					"IMAGE_ID": "5054070628096",
					"BRAND": "ASDA",
					"IS_BWS": false,
					"IS_FROZEN": false,
					"IS_SPONSORED": false,
					"PRICES": {
						"EN": {
							"OFFER": "Dropped",
							"PRICE": 1.84,
							"WASPRICE": 1.96,
							"PRICEPERUOM": 9.2,
							"PRICEPERUOMFORMATTED": "£9.20/KG"
						}
					},
					"PRIMARY_TAXONOMY": {
						"CAT_ID": "1215660378320",
						"CAT_NAME": "Chilled Food",
						"DEPT_ID": "1215341805721",
						"DEPT_NAME": "Cheese",
						"AISLE_ID": "1215341806015",
						"AISLE_NAME": "Continental Cheese",
						"SHELF_ID": "1215627294585",
						"SHELF_NAME": "Parmesan & Hard Cheese"
					},
					"IS_FTO": false,
					"PRODUCT_TYPE": "STANDARD",
					"AVG_RATING": 4.6087,
					"RATING_COUNT": 46.0,
					"ICONS": [
						{
							"ID": "51000002",
							"ICON_NAME": "801_NoShellfish",
							"CLICKABLE": false,
							"IMAGE_URL": "https://ui.assets-asda.com/dm/_000_Icon?&$Icon-wapp$",
							"START_DATE": 1551700800,
							"END_DATE": 1551873600,
							"PRIORITY": 10440.0
						}
					],
					"PACK_SIZE": "200G",
					"STOCK": {
						"4565": 999
					},
					"MAX_QTY": 10,
					"objectID": "5244098",
					"_highlightResult": {
						"ID": {
							"value": "910002128511",
							"matchLevel": "none",
							"matchedWords": []
						},
						"CIN": {
							"value": "5244098",
							"matchLevel": "none",
							"matchedWords": []
						},
						"NAME": {
							"value": "Gouda <em>Cheese</em>",
							"matchLevel": "full",
							"fullyHighlighted": false,
							"matchedWords": [
								"cheese"
							]
						},
						"BRAND": {
							"value": "ASDA",
							"matchLevel": "none",
							"matchedWords": []
						},
						"PRIMARY_TAXONOMY": {
							"AISLE_NAME": {
								"value": "Continental <em>Cheese</em>",
								"matchLevel": "full",
								"fullyHighlighted": false,
								"matchedWords": [
									"cheese"
								]
							},
							"SHELF_NAME": {
								"value": "Parmesan & Hard <em>Cheese</em>",
								"matchLevel": "full",
								"fullyHighlighted": false,
								"matchedWords": [
									"cheese"
								]
							}
						}
					}
				},
				{
					"ID": "1000371550354",
					"STATUS": "A",
					"PHARMACY_RESTRICTED": false,
					"CIN": "7345725",
					"START_DATE": -2208945600.0,
					"END_DATE": 1924948800.0,
					"NAME": "Garlic & Herb Soft Cheese",
					"CS_YES": false,
					"SHOW_PRICE_CS": true,
					"SALES_TYPE": "Each",
					"IMAGE_ID": "7622210307309",
					"BRAND": "Philadelphia",
					"IS_BWS": false,
					"IS_FROZEN": false,
					"IS_SPONSORED": false,
					"PRICES": {
						"EN": {
							"OFFER": "Rollback",
							"PRICE": 1.28,
							"WASPRICE": 2.08,
							"PRICEPERUOM": 7.75758,
							"PRICEPERUOMFORMATTED": "£7.76/KG"
						}
					},
					"PRIMARY_TAXONOMY": {
						"CAT_ID": "1215660378320",
						"CAT_NAME": "Chilled Food",
						"DEPT_ID": "1215341805721",
						"DEPT_NAME": "Cheese",
						"AISLE_ID": "1215341805865",
						"AISLE_NAME": "Soft & Cottage Cheese",
						"SHELF_ID": "1215341810303",
						"SHELF_NAME": "Soft Cheese"
					},
					"IS_FTO": false,
					"PRODUCT_TYPE": "STANDARD",
					"AVG_RATING": 4.7748,
					"RATING_COUNT": 111.0,
					"ICONS": [
						{
							"ID": "51000002",
							"ICON_NAME": "801_NoShellfish",
							"CLICKABLE": false,
							"IMAGE_URL": "https://ui.assets-asda.com/dm/_000_Icon?&$Icon-wapp$",
							"START_DATE": 1551700800,
							"END_DATE": 1551873600,
							"PRIORITY": 10440.0
						}
					],
					"PACK_SIZE": "165G",
					"STOCK": {
						"4565": 999
					},
					"MAX_QTY": 10,
					"objectID": "7345725",
					"_highlightResult": {
						"ID": {
							"value": "1000371550354",
							"matchLevel": "none",
							"matchedWords": []
						},
						"CIN": {
							"value": "7345725",
							"matchLevel": "none",
							"matchedWords": []
						},
						"NAME": {
							"value": "Garlic & Herb Soft <em>Cheese</em>",
							"matchLevel": "full",
							"fullyHighlighted": false,
							"matchedWords": [
								"cheese"
							]
						},
						"BRAND": {
							"value": "Philadelphia",
							"matchLevel": "none",
							"matchedWords": []
						},
						"PRIMARY_TAXONOMY": {
							"AISLE_NAME": {
								"value": "Soft & Cottage <em>Cheese</em>",
								"matchLevel": "full",
								"fullyHighlighted": false,
								"matchedWords": [
									"cheese"
								]
							},
							"SHELF_NAME": {
								"value": "Soft <em>Cheese</em>",
								"matchLevel": "full",
								"fullyHighlighted": false,
								"matchedWords": [
									"cheese"
								]
							}
						},
						"LIFESTYLES": [
							{
								"value": "Suitable for Vegetarians",
								"matchLevel": "none",
								"matchedWords": []
							}
						]
					}
				},
				{
					"ID": "1000383253725",
					"STATUS": "A",
					"PHARMACY_RESTRICTED": false,
					"CIN": "9189935",
					"START_DATE": 1742904000.0,
					"END_DATE": 1924948800.0,
					"NAME": "British Cheese Selection 475g",
					"CS_YES": false,
					"SHOW_PRICE_CS": true,
					"SALES_TYPE": "Each",
					"IMAGE_ID": "5063089700730",
					"BRAND": "ASDA",
					"IS_BWS": false,
					"IS_FROZEN": false,
					"IS_SPONSORED": false,
					"PRICES": {
						"EN": {
							"OFFER": "List",
							"PRICE": 6.48,
							"PRICEPERUOM": 13.64211,
							"PRICEPERUOMFORMATTED": "£13.64/KG"
						}
					},
					"PRIMARY_TAXONOMY": {
						"CAT_ID": "1215660378320",
						"CAT_NAME": "Chilled Food",
						"DEPT_ID": "1215341805721",
						"DEPT_NAME": "Cheese",
						"AISLE_ID": "1215341805765",
						"AISLE_NAME": "Cheddar & Regional Cheese",
						"SHELF_ID": "1215341808760",
						"SHELF_NAME": "Mature Cheese"
					},
					"IS_FTO": false,
					"PRODUCT_TYPE": "STANDARD",
					"AVG_RATING": 4.619,
					"RATING_COUNT": 21.0,
					"ICONS": [
						{
							"ID": "59600047",
							"ICON_NAME": "Typically fresh for 6 days",
							"CLICKABLE": true,
							"IMAGE_URL": "https://ui.assets-asda.com/dm/produce-6-days-icon?",
							"START_DATE": 1625227200,
							"END_DATE": 1914408000,
							"PRIORITY": 23.0
						}
					],
					"PACK_SIZE": "475G",
					"STOCK": {
						"4565": 999
					},
					"MAX_QTY": 10,
					"objectID": "9189935",
					"_highlightResult": {
						"ID": {
							"value": "1000383253725",
							"matchLevel": "none",
							"matchedWords": []
						},
						"CIN": {
							"value": "9189935",
							"matchLevel": "none",
							"matchedWords": []
						},
						"NAME": {
							"value": "British <em>Cheese</em> Selection 475g",
							"matchLevel": "full",
							"fullyHighlighted": false,
							"matchedWords": [
								"cheese"
							]
						},
						"KEYWORDS": {
							"value": "<em>cheese</em>board,<em>cheese</em> board,christmas <em>cheese</em>,xmas <em>cheese</em>,brie,cheddar,mature cheddar,red leicester,wensleydale,stilton,blue <em>cheese</em>",
							"matchLevel": "full",
							"fullyHighlighted": false,
							"matchedWords": [
								"cheese"
							]
						},
						"BRAND": {
							"value": "ASDA",
							"matchLevel": "none",
							"matchedWords": []
						},
						"PRIMARY_TAXONOMY": {
							"AISLE_NAME": {
								"value": "Cheddar & Regional <em>Cheese</em>",
								"matchLevel": "full",
								"fullyHighlighted": false,
								"matchedWords": [
									"cheese"
								]
							},
							"SHELF_NAME": {
								"value": "Mature <em>Cheese</em>",
								"matchLevel": "full",
								"fullyHighlighted": false,
								"matchedWords": [
									"cheese"
								]
							}
						},
						"LIFESTYLES": [
							{
								"value": "Suitable for Vegetarians",
								"matchLevel": "none",
								"matchedWords": []
							}
						]
					}
				},
				{
					"ID": "1000242609280",
					"STATUS": "A",
					"PHARMACY_RESTRICTED": false,
					"CIN": "6793864",
					"START_DATE": 1603195200.0,
					"END_DATE": 1924948800.0,
					"NAME": "British Light Extra Mature Cheddar 400g",
					"CS_YES": false,
					"SHOW_PRICE_CS": true,
					"SALES_TYPE": "Each",
					"IMAGE_ID": "5057172404674",
					"BRAND": "ASDA",
					"IS_BWS": false,
					"IS_FROZEN": false,
					"IS_SPONSORED": false,
					"PRICES": {
						"EN": {
							"OFFER": "List",
							"PRICE": 3.24,
							"PRICEPERUOM": 8.1,
							"PRICEPERUOMFORMATTED": "£8.10/KG"
						}
					},
					"PRIMARY_TAXONOMY": {
						"CAT_ID": "1215660378320",
						"CAT_NAME": "Chilled Food",
						"DEPT_ID": "1215341805721",
						"DEPT_NAME": "Cheese",
						"AISLE_ID": "1215341805765",
						"AISLE_NAME": "Cheddar & Regional Cheese",
						"SHELF_ID": "1215341808760",
						"SHELF_NAME": "Mature Cheese"
					},
					"IS_FTO": false,
					"PRODUCT_TYPE": "STANDARD",
					"AVG_RATING": 4.1711,
					"RATING_COUNT": 76.0,
					"ICONS": [
						{
							"ID": "51000002",
							"ICON_NAME": "801_NoShellfish",
							"CLICKABLE": false,
							"IMAGE_URL": "https://ui.assets-asda.com/dm/_000_Icon?&$Icon-wapp$",
							"START_DATE": 1551700800,
							"END_DATE": 1551873600,
							"PRIORITY": 10440.0
						},
						{
							"ID": "55200006",
							"ICON_NAME": "_008_RedTractorAUTO",
							"CLICKABLE": true,
							"IMAGE_URL": "https://ui.assets-asda.com/dm/_008_redtractor?&$icon-wapp$",
							"START_DATE": 1609329600,
							"END_DATE": 1682510400,
							"PRIORITY": 5354.0
						},
						{
							"ID": "59600445",
							"ICON_NAME": "M&S Taste Match",
							"CLICKABLE": true,
							"IMAGE_URL": "https://ui.assets-asda.com/dm/M-S-Taste-Match-Icon?",
							"START_DATE": 1695643200,
							"END_DATE": 1725019200,
							"PRIORITY": 70.0
						},
						{
							"ID": "1215429129918",
							"ICON_NAME": "_043_British",
							"CLICKABLE": true,
							"IMAGE_URL": "https://ui.assets-asda.com/dm/_043_british?",
							"END_DATE": 1682510400,
							"PRIORITY": 5435.0
						},
						{
							"ID": "1215559958453",
							"ICON_NAME": "_122_farmerowned",
							"CLICKABLE": true,
							"IMAGE_URL": "https://ui.assets-asda.com/dm/_122_farmerowned?",
							"END_DATE": 1682510400,
							"PRIORITY": 1562.0
						}
					],
					"PACK_SIZE": "400G",
					"STOCK": {
						"4565": 999
					},
					"MAX_QTY": 10,
					"objectID": "6793864",
					"_highlightResult": {
						"ID": {
							"value": "1000242609280",
							"matchLevel": "none",
							"matchedWords": []
						},
						"CIN": {
							"value": "6793864",
							"matchLevel": "none",
							"matchedWords": []
						},
						"NAME": {
							"value": "British Light Extra Mature Cheddar 400g",
							"matchLevel": "none",
							"matchedWords": []
						},
						"KEYWORDS": {
							"value": "M&S Taste match,taste match,low fat <em>cheese</em>",
							"matchLevel": "full",
							"fullyHighlighted": false,
							"matchedWords": [
								"cheese"
							]
						},
						"BRAND": {
							"value": "ASDA",
							"matchLevel": "none",
							"matchedWords": []
						},
						"PRIMARY_TAXONOMY": {
							"AISLE_NAME": {
								"value": "Cheddar & Regional <em>Cheese</em>",
								"matchLevel": "full",
								"fullyHighlighted": false,
								"matchedWords": [
									"cheese"
								]
							},
							"SHELF_NAME": {
								"value": "Mature <em>Cheese</em>",
								"matchLevel": "full",
								"fullyHighlighted": false,
								"matchedWords": [
									"cheese"
								]
							}
						},
						"LIFESTYLES": [
							{
								"value": "Suitable for Vegetarians",
								"matchLevel": "none",
								"matchedWords": []
							}
						]
					}
				},
				{
					"ID": "1000242609572",
					"STATUS": "A",
					"PHARMACY_RESTRICTED": false,
					"CIN": "6793872",
					"START_DATE": 1603195200.0,
					"END_DATE": 1924948800.0,
					"NAME": "British Medium Cheddar 400g",
					"CS_YES": false,
					"SHOW_PRICE_CS": true,
					"SALES_TYPE": "Each",
					"IMAGE_ID": "5057172404759",
					"BRAND": "ASDA",
					"IS_BWS": false,
					"IS_FROZEN": false,
					"IS_SPONSORED": false,
					"PRICES": {
						"EN": {
							"OFFER": "List",
							"PRICE": 3.24,
							"PRICEPERUOM": 8.1,
							"PRICEPERUOMFORMATTED": "£8.10/KG"
						}
					},
					"PRIMARY_TAXONOMY": {
						"CAT_ID": "1215660378320",
						"CAT_NAME": "Chilled Food",
						"DEPT_ID": "1215341805721",
						"DEPT_NAME": "Cheese",
						"AISLE_ID": "1215341805765",
						"AISLE_NAME": "Cheddar & Regional Cheese",
						"SHELF_ID": "1215341808640",
						"SHELF_NAME": "Mild & Medium Cheese"
					},
					"IS_FTO": false,
					"PRODUCT_TYPE": "STANDARD",
					"AVG_RATING": 4.5684,
					"RATING_COUNT": 95.0,
					"ICONS": [
						{
							"ID": "51000002",
							"ICON_NAME": "801_NoShellfish",
							"CLICKABLE": false,
							"IMAGE_URL": "https://ui.assets-asda.com/dm/_000_Icon?&$Icon-wapp$",
							"START_DATE": 1551700800,
							"END_DATE": 1551873600,
							"PRIORITY": 10440.0
						},
						{
							"ID": "55200006",
							"ICON_NAME": "_008_RedTractorAUTO",
							"CLICKABLE": true,
							"IMAGE_URL": "https://ui.assets-asda.com/dm/_008_redtractor?&$icon-wapp$",
							"START_DATE": 1609329600,
							"END_DATE": 1682510400,
							"PRIORITY": 5354.0
						},
						{
							"ID": "1215429129918",
							"ICON_NAME": "_043_British",
							"CLICKABLE": true,
							"IMAGE_URL": "https://ui.assets-asda.com/dm/_043_british?",
							"END_DATE": 1682510400,
							"PRIORITY": 5435.0
						},
						{
							"ID": "1215559958453",
							"ICON_NAME": "_122_farmerowned",
							"CLICKABLE": true,
							"IMAGE_URL": "https://ui.assets-asda.com/dm/_122_farmerowned?",
							"END_DATE": 1682510400,
							"PRIORITY": 1562.0
						}
					],
					"PACK_SIZE": "400G",
					"STOCK": {
						"4565": 999
					},
					"MAX_QTY": 10,
					"objectID": "6793872",
					"_highlightResult": {
						"ID": {
							"value": "1000242609572",
							"matchLevel": "none",
							"matchedWords": []
						},
						"CIN": {
							"value": "6793872",
							"matchLevel": "none",
							"matchedWords": []
						},
						"NAME": {
							"value": "British Medium Cheddar 400g",
							"matchLevel": "none",
							"matchedWords": []
						},
						"BRAND": {
							"value": "ASDA",
							"matchLevel": "none",
							"matchedWords": []
						},
						"PRIMARY_TAXONOMY": {
							"AISLE_NAME": {
								"value": "Cheddar & Regional <em>Cheese</em>",
								"matchLevel": "full",
								"fullyHighlighted": false,
								"matchedWords": [
									"cheese"
								]
							},
							"SHELF_NAME": {
								"value": "Mild & Medium <em>Cheese</em>",
								"matchLevel": "full",
								"fullyHighlighted": false,
								"matchedWords": [
									"cheese"
								]
							}
						},
						"LIFESTYLES": [
							{
								"value": "Suitable for Vegetarians",
								"matchLevel": "none",
								"matchedWords": []
							}
						]
					}
				},
				{
					"ID": "27650",
					"STATUS": "A",
					"PHARMACY_RESTRICTED": false,
					"CIN": "407842",
					"START_DATE": -2208945600.0,
					"END_DATE": 1924948800.0,
					"NAME": "Light Cheese Snacks 6 x 20g",
					"CS_YES": false,
					"SHOW_PRICE_CS": true,
					"SALES_TYPE": "Each",
					"IMAGE_ID": "3073780828642",
					"BRAND": "Mini Babybel",
					"IS_BWS": false,
					"IS_FROZEN": false,
					"IS_SPONSORED": false,
					"PRICES": {
						"EN": {
							"OFFER": "List",
							"PRICE": 1.72,
							"PRICEPERUOM": 14.33333,
							"PRICEPERUOMFORMATTED": "£14.33/KG"
						}
					},
					"PRIMARY_TAXONOMY": {
						"CAT_ID": "1215660378320",
						"CAT_NAME": "Chilled Food",
						"DEPT_ID": "1215341805721",
						"DEPT_NAME": "Cheese",
						"AISLE_ID": "1215341805914",
						"AISLE_NAME": "Cheese Snacks & Lunchbox",
						"SHELF_ID": "1215341830101",
						"SHELF_NAME": "Cheese Snacking"
					},
					"IS_FTO": false,
					"PRODUCT_TYPE": "STANDARD",
					"AVG_RATING": 4.7349,
					"RATING_COUNT": 83.0,
					"PACK_SIZE": "120G",
					"STOCK": {
						"4565": 999
					},
					"MAX_QTY": 10,
					"objectID": "407842",
					"_highlightResult": {
						"ID": {
							"value": "27650",
							"matchLevel": "none",
							"matchedWords": []
						},
						"CIN": {
							"value": "407842",
							"matchLevel": "none",
							"matchedWords": []
						},
						"NAME": {
							"value": "Light <em>Cheese</em> Snacks 6 x 20g",
							"matchLevel": "full",
							"fullyHighlighted": false,
							"matchedWords": [
								"cheese"
							]
						},
						"KEYWORDS": {
							"value": "packed lunch,lunch box,lunchbox,lunch bag",
							"matchLevel": "none",
							"matchedWords": []
						},
						"BRAND": {
							"value": "Mini Babybel",
							"matchLevel": "none",
							"matchedWords": []
						},
						"PRIMARY_TAXONOMY": {
							"AISLE_NAME": {
								"value": "<em>Cheese</em> Snacks & Lunchbox",
								"matchLevel": "full",
								"fullyHighlighted": false,
								"matchedWords": [
									"cheese"
								]
							},
							"SHELF_NAME": {
								"value": "<em>Cheese</em> Snacking",
								"matchLevel": "full",
								"fullyHighlighted": false,
								"matchedWords": [
									"cheese"
								]
							}
						},
						"LIFESTYLES": [
							{
								"value": "Suitable for Vegetarians",
								"matchLevel": "none",
								"matchedWords": []
							}
						]
					}
				},
				{
					"ID": "1000186791337",
					"STATUS": "A",
					"PHARMACY_RESTRICTED": false,
					"CIN": "6594610",
					"START_DATE": 1719748800.0,
					"END_DATE": 2240568000.0,
					"NAME": "Our Lighter Mature Cheddar 550g",
					"CS_YES": false,
					"SHOW_PRICE_CS": true,
					"SALES_TYPE": "Each",
					"IMAGE_ID": "5000295147782",
					"BRAND": "Cathedral City",
					"IS_BWS": false,
					"IS_FROZEN": false,
					"IS_SPONSORED": false,
					"PRICES": {
						"EN": {
							"OFFER": "List",
							"PRICE": 5.34,
							"PRICEPERUOM": 9.70909,
							"PRICEPERUOMFORMATTED": "£9.71/KG"
						}
					},
					"PRIMARY_TAXONOMY": {
						"CAT_ID": "1215660378320",
						"CAT_NAME": "Chilled Food",
						"DEPT_ID": "1215341805721",
						"DEPT_NAME": "Cheese",
						"AISLE_ID": "1215341805765",
						"AISLE_NAME": "Cheddar & Regional Cheese",
						"SHELF_ID": "1215341808760",
						"SHELF_NAME": "Mature Cheese"
					},
					"IS_FTO": false,
					"PRODUCT_TYPE": "STANDARD",
					"AVG_RATING": 4.6535,
					"RATING_COUNT": 202.0,
					"ICONS": [
						{
							"ID": "55000003",
							"ICON_NAME": "_151_UnionFlag",
							"CLICKABLE": false,
							"IMAGE_URL": "https://ui.assets-asda.comtest.jpg",
							"START_DATE": 1594728000,
							"END_DATE": 1600171200,
							"PRIORITY": 10427.0
						},
						{
							"ID": "55200006",
							"ICON_NAME": "_008_RedTractorAUTO",
							"CLICKABLE": true,
							"IMAGE_URL": "https://ui.assets-asda.com/dm/_008_redtractor?&$icon-wapp$",
							"START_DATE": 1609329600,
							"END_DATE": 1682510400,
							"PRIORITY": 5354.0
						}
					],
					"PACK_SIZE": "550G",
					"STOCK": {
						"4565": 0
					},
					"MAX_QTY": 10,
					"objectID": "6594610",
					"_highlightResult": {
						"ID": {
							"value": "1000186791337",
							"matchLevel": "none",
							"matchedWords": []
						},
						"CIN": {
							"value": "6594610",
							"matchLevel": "none",
							"matchedWords": []
						},
						"NAME": {
							"value": "Our Lighter Mature Cheddar 550g",
							"matchLevel": "none",
							"matchedWords": []
						},
						"KEYWORDS": {
							"value": "low fat <em>cheese</em>",
							"matchLevel": "full",
							"fullyHighlighted": false,
							"matchedWords": [
								"cheese"
							]
						},
						"BRAND": {
							"value": "Cathedral City",
							"matchLevel": "none",
							"matchedWords": []
						},
						"PRIMARY_TAXONOMY": {
							"AISLE_NAME": {
								"value": "Cheddar & Regional <em>Cheese</em>",
								"matchLevel": "full",
								"fullyHighlighted": false,
								"matchedWords": [
									"cheese"
								]
							},
							"SHELF_NAME": {
								"value": "Mature <em>Cheese</em>",
								"matchLevel": "full",
								"fullyHighlighted": false,
								"matchedWords": [
									"cheese"
								]
							}
						},
						"LIFESTYLES": [
							{
								"value": "Suitable for Vegetarians",
								"matchLevel": "none",
								"matchedWords": []
							}
						]
					}
				},
				{
					"ID": "1000383291344",
					"STATUS": "A",
					"PHARMACY_RESTRICTED": false,
					"CIN": "9288973",
					"START_DATE": 1708344000.0,
					"END_DATE": 1924948800.0,
					"NAME": "Extra Mature Cheddar",
					"CS_YES": false,
					"SHOW_PRICE_CS": true,
					"SALES_TYPE": "Each",
					"IMAGE_ID": "5000165375161",
					"BRAND": "Pilgrims Choice",
					"IS_BWS": false,
					"IS_FROZEN": false,
					"IS_SPONSORED": false,
					"PRICES": {
						"EN": {
							"OFFER": "List",
							"PRICE": 5.2,
							"PRICEPERUOM": 9.45455,
							"PRICEPERUOMFORMATTED": "£9.45/KG"
						}
					},
					"PRIMARY_TAXONOMY": {
						"CAT_ID": "1215660378320",
						"CAT_NAME": "Chilled Food",
						"DEPT_ID": "1215341805721",
						"DEPT_NAME": "Cheese",
						"AISLE_ID": "1215341805765",
						"AISLE_NAME": "Cheddar & Regional Cheese",
						"SHELF_ID": "1215341808819",
						"SHELF_NAME": "Extra Mature & Vintage Cheese"
					},
					"IS_FTO": false,
					"PRODUCT_TYPE": "STANDARD",
					"AVG_RATING": 5.0,
					"RATING_COUNT": 3.0,
					"ICONS": [
						{
							"ID": "51000002",
							"ICON_NAME": "801_NoShellfish",
							"CLICKABLE": false,
							"IMAGE_URL": "https://ui.assets-asda.com/dm/_000_Icon?&$Icon-wapp$",
							"START_DATE": 1551700800,
							"END_DATE": 1551873600,
							"PRIORITY": 10440.0
						}
					],
					"PACK_SIZE": "550G",
					"STOCK": {
						"4565": 999
					},
					"MAX_QTY": 10,
					"objectID": "9288973",
					"_highlightResult": {
						"ID": {
							"value": "1000383291344",
							"matchLevel": "none",
							"matchedWords": []
						},
						"CIN": {
							"value": "9288973",
							"matchLevel": "none",
							"matchedWords": []
						},
						"NAME": {
							"value": "Extra Mature Cheddar",
							"matchLevel": "none",
							"matchedWords": []
						},
						"BRAND": {
							"value": "Pilgrims Choice",
							"matchLevel": "none",
							"matchedWords": []
						},
						"PRIMARY_TAXONOMY": {
							"AISLE_NAME": {
								"value": "Cheddar & Regional <em>Cheese</em>",
								"matchLevel": "full",
								"fullyHighlighted": false,
								"matchedWords": [
									"cheese"
								]
							},
							"SHELF_NAME": {
								"value": "Extra Mature & Vintage <em>Cheese</em>",
								"matchLevel": "full",
								"fullyHighlighted": false,
								"matchedWords": [
									"cheese"
								]
							}
						},
						"LIFESTYLES": [
							{
								"value": "Suitable for Vegetarians",
								"matchLevel": "none",
								"matchedWords": []
							}
						]
					}
				},
				{
					"ID": "1000186791338",
					"STATUS": "A",
					"PHARMACY_RESTRICTED": false,
					"CIN": "6594608",
					"START_DATE": 1719748800.0,
					"END_DATE": 2240568000.0,
					"NAME": "Our Mature Cheddar 550g",
					"CS_YES": false,
					"SHOW_PRICE_CS": true,
					"SALES_TYPE": "Each",
					"IMAGE_ID": "5000295145054",
					"BRAND": "Cathedral City",
					"IS_BWS": false,
					"IS_FROZEN": false,
					"IS_SPONSORED": false,
					"PRICES": {
						"EN": {
							"OFFER": "List",
							"PRICE": 5.34,
							"PRICEPERUOM": 9.70909,
							"PRICEPERUOMFORMATTED": "£9.71/KG"
						}
					},
					"PRIMARY_TAXONOMY": {
						"CAT_ID": "1215660378320",
						"CAT_NAME": "Chilled Food",
						"DEPT_ID": "1215341805721",
						"DEPT_NAME": "Cheese",
						"AISLE_ID": "1215341805765",
						"AISLE_NAME": "Cheddar & Regional Cheese",
						"SHELF_ID": "1215341808760",
						"SHELF_NAME": "Mature Cheese"
					},
					"IS_FTO": false,
					"PRODUCT_TYPE": "STANDARD",
					"AVG_RATING": 4.7652,
					"RATING_COUNT": 328.0,
					"ICONS": [
						{
							"ID": "55000003",
							"ICON_NAME": "_151_UnionFlag",
							"CLICKABLE": false,
							"IMAGE_URL": "https://ui.assets-asda.comtest.jpg",
							"START_DATE": 1594728000,
							"END_DATE": 1600171200,
							"PRIORITY": 10427.0
						},
						{
							"ID": "55200006",
							"ICON_NAME": "_008_RedTractorAUTO",
							"CLICKABLE": true,
							"IMAGE_URL": "https://ui.assets-asda.com/dm/_008_redtractor?&$icon-wapp$",
							"START_DATE": 1609329600,
							"END_DATE": 1682510400,
							"PRIORITY": 5354.0
						}
					],
					"PACK_SIZE": "550G",
					"STOCK": {
						"4565": 999
					},
					"MAX_QTY": 10,
					"objectID": "6594608",
					"_highlightResult": {
						"ID": {
							"value": "1000186791338",
							"matchLevel": "none",
							"matchedWords": []
						},
						"CIN": {
							"value": "6594608",
							"matchLevel": "none",
							"matchedWords": []
						},
						"NAME": {
							"value": "Our Mature Cheddar 550g",
							"matchLevel": "none",
							"matchedWords": []
						},
						"BRAND": {
							"value": "Cathedral City",
							"matchLevel": "none",
							"matchedWords": []
						},
						"PRIMARY_TAXONOMY": {
							"AISLE_NAME": {
								"value": "Cheddar & Regional <em>Cheese</em>",
								"matchLevel": "full",
								"fullyHighlighted": false,
								"matchedWords": [
									"cheese"
								]
							},
							"SHELF_NAME": {
								"value": "Mature <em>Cheese</em>",
								"matchLevel": "full",
								"fullyHighlighted": false,
								"matchedWords": [
									"cheese"
								]
							}
						},
						"LIFESTYLES": [
							{
								"value": "Suitable for Vegetarians",
								"matchLevel": "none",
								"matchedWords": []
							}
						]
					}
				},
				{
					"ID": "1000383259979",
					"STATUS": "A",
					"PHARMACY_RESTRICTED": false,
					"CIN": "9196864",
					"START_DATE": 1751799600.0,
					"END_DATE": 1924948800.0,
					"NAME": "Edam 220g",
					"CS_YES": false,
					"SHOW_PRICE_CS": true,
					"SALES_TYPE": "Each",
					"IMAGE_ID": "5063089487174",
					"BRAND": "ASDA",
					"IS_BWS": false,
					"IS_FROZEN": false,
					"IS_SPONSORED": false,
					"LABEL": "New",
					"LABEL_START_DATE": 1751673600.0,
					"LABEL_END_DATE": 1759449600.0,
					"PRICES": {
						"EN": {
							"OFFER": "List",
							"PRICE": 2.04,
							"PRICEPERUOM": 9.27273,
							"PRICEPERUOMFORMATTED": "£9.27/KG"
						}
					},
					"PRIMARY_TAXONOMY": {
						"CAT_ID": "1215660378320",
						"CAT_NAME": "Chilled Food",
						"DEPT_ID": "1215341805721",
						"DEPT_NAME": "Cheese",
						"AISLE_ID": "1215341806015",
						"AISLE_NAME": "Continental Cheese",
						"SHELF_ID": "1215627294585",
						"SHELF_NAME": "Parmesan & Hard Cheese"
					},
					"IS_FTO": false,
					"PRODUCT_TYPE": "STANDARD",
					"AVG_RATING": 3.8947,
					"RATING_COUNT": 19.0,
					"ICONS": [
						{
							"ID": "51000002",
							"ICON_NAME": "801_NoShellfish",
							"CLICKABLE": false,
							"IMAGE_URL": "https://ui.assets-asda.com/dm/_000_Icon?&$Icon-wapp$",
							"START_DATE": 1551700800,
							"END_DATE": 1551873600,
							"PRIORITY": 10440.0
						}
					],
					"PACK_SIZE": "220g",
					"STOCK": {
						"4565": 999
					},
					"MAX_QTY": 10,
					"objectID": "9196864",
					"_highlightResult": {
						"ID": {
							"value": "1000383259979",
							"matchLevel": "none",
							"matchedWords": []
						},
						"CIN": {
							"value": "9196864",
							"matchLevel": "none",
							"matchedWords": []
						},
						"NAME": {
							"value": "Edam 220g",
							"matchLevel": "none",
							"matchedWords": []
						},
						"BRAND": {
							"value": "ASDA",
							"matchLevel": "none",
							"matchedWords": []
						},
						"PRIMARY_TAXONOMY": {
							"AISLE_NAME": {
								"value": "Continental <em>Cheese</em>",
								"matchLevel": "full",
								"fullyHighlighted": false,
								"matchedWords": [
									"cheese"
								]
							},
							"SHELF_NAME": {
								"value": "Parmesan & Hard <em>Cheese</em>",
								"matchLevel": "full",
								"fullyHighlighted": false,
								"matchedWords": [
									"cheese"
								]
							}
						},
						"LIFESTYLES": [
							{
								"value": "Suitable for Vegetarians",
								"matchLevel": "none",
								"matchedWords": []
							}
						]
					}
				},
				{
					"ID": "1000383274186",
					"STATUS": "A",
					"PHARMACY_RESTRICTED": false,
					"CIN": "9244228",
					"START_DATE": 1751799600.0,
					"END_DATE": 1924948800.0,
					"NAME": "15 Cheesy Slices 255g",
					"CS_YES": false,
					"SHOW_PRICE_CS": true,
					"SALES_TYPE": "Each",
					"IMAGE_ID": "5063089827390",
					"BRAND": "JUST ESSENTIALS by ASDA",
					"IS_BWS": false,
					"IS_FROZEN": false,
					"IS_SPONSORED": false,
					"LABEL": "New",
					"LABEL_START_DATE": 1751673600.0,
					"LABEL_END_DATE": 1759449600.0,
					"PRICES": {
						"EN": {
							"OFFER": "List",
							"PRICE": 0.83,
							"PRICEPERUOM": 3.2549,
							"PRICEPERUOMFORMATTED": "£3.25/KG"
						}
					},
					"PRIMARY_TAXONOMY": {
						"CAT_ID": "1215660378320",
						"CAT_NAME": "Chilled Food",
						"DEPT_ID": "1215341805721",
						"DEPT_NAME": "Cheese",
						"AISLE_ID": "1215341805815",
						"AISLE_NAME": "Grated & Sliced Cheese",
						"SHELF_ID": "1215341810182",
						"SHELF_NAME": "Cheese Slices"
					},
					"IS_FTO": false,
					"PRODUCT_TYPE": "STANDARD",
					"AVG_RATING": 0.0,
					"RATING_COUNT": 0.0,
					"PACK_SIZE": "255g",
					"STOCK": {
						"4565": 999
					},
					"MAX_QTY": 10,
					"objectID": "9244228",
					"_highlightResult": {
						"ID": {
							"value": "1000383274186",
							"matchLevel": "none",
							"matchedWords": []
						},
						"CIN": {
							"value": "9244228",
							"matchLevel": "none",
							"matchedWords": []
						},
						"NAME": {
							"value": "15 Cheesy Slices 255g",
							"matchLevel": "none",
							"matchedWords": []
						},
						"BRAND": {
							"value": "JUST ESSENTIALS by ASDA",
							"matchLevel": "none",
							"matchedWords": []
						},
						"PRIMARY_TAXONOMY": {
							"AISLE_NAME": {
								"value": "Grated & Sliced <em>Cheese</em>",
								"matchLevel": "full",
								"fullyHighlighted": false,
								"matchedWords": [
									"cheese"
								]
							},
							"SHELF_NAME": {
								"value": "<em>Cheese</em> Slices",
								"matchLevel": "full",
								"fullyHighlighted": false,
								"matchedWords": [
									"cheese"
								]
							}
						},
						"LIFESTYLES": [
							{
								"value": "Suitable for Vegetarians",
								"matchLevel": "none",
								"matchedWords": []
							}
						]
					}
				},
				{
					"ID": "910002366368",
					"STATUS": "A",
					"PHARMACY_RESTRICTED": false,
					"CIN": "5400878",
					"START_DATE": 1454932800.0,
					"END_DATE": 1924948800.0,
					"NAME": "Cheese & Onion Rolls 6 x 60g (360g)",
					"CS_YES": false,
					"SHOW_PRICE_CS": true,
					"SALES_TYPE": "Each",
					"IMAGE_ID": "5054781056386",
					"BRAND": "ASDA",
					"IS_BWS": false,
					"IS_FROZEN": false,
					"IS_SPONSORED": false,
					"PRICES": {
						"EN": {
							"OFFER": "Rollback",
							"PRICE": 1.74,
							"WASPRICE": 2.18,
							"PRICEPERUOM": 0.48333,
							"PRICEPERUOMFORMATTED": "48.3p/100GR"
						}
					},
					"PRIMARY_TAXONOMY": {
						"CAT_ID": "1215660378320",
						"CAT_NAME": "Chilled Food",
						"DEPT_ID": "1215661251124",
						"DEPT_NAME": "Party Food, Pies, Salads & Dips",
						"AISLE_ID": "1215663358403",
						"AISLE_NAME": "Sausage Rolls & Cocktail Sausages",
						"SHELF_ID": "1215685642832",
						"SHELF_NAME": "Cheese & Vegetarian Rolls"
					},
					"IS_FTO": false,
					"PRODUCT_TYPE": "STANDARD",
					"AVG_RATING": 4.3667,
					"RATING_COUNT": 30.0,
					"ICONS": [
						{
							"ID": "45100001",
							"ICON_NAME": "Freezable",
							"CLICKABLE": true,
							"IMAGE_URL": "https://ui.assets-asda.com/dm/icon_text?$text=Freezable",
							"END_DATE": 1684238400,
							"PRIORITY": 1085.0
						},
						{
							"ID": "51000002",
							"ICON_NAME": "801_NoShellfish",
							"CLICKABLE": false,
							"IMAGE_URL": "https://ui.assets-asda.com/dm/_000_Icon?&$Icon-wapp$",
							"START_DATE": 1551700800,
							"END_DATE": 1551873600,
							"PRIORITY": 10440.0
						},
						{
							"ID": "59600047",
							"ICON_NAME": "Typically fresh for 6 days",
							"CLICKABLE": true,
							"IMAGE_URL": "https://ui.assets-asda.com/dm/produce-6-days-icon?",
							"START_DATE": 1625227200,
							"END_DATE": 1914408000,
							"PRIORITY": 23.0
						},
						{
							"ID": "59600339",
							"ICON_NAME": "Follow Air Fryer Manufacturer’s Instructions for Cooking Guidelines",
							"CLICKABLE": true,
							"IMAGE_URL": "https://ui.assets-asda.com/dm/Air-Fryer-Online-Icon?&$Icon-wapp$",
							"START_DATE": 1667390400,
							"END_DATE": 1924948800,
							"PRIORITY": 288.0
						}
					],
					"PACK_SIZE": "360G",
					"STOCK": {
						"4565": 999
					},
					"MAX_QTY": 10,
					"objectID": "5400878",
					"_highlightResult": {
						"ID": {
							"value": "910002366368",
							"matchLevel": "none",
							"matchedWords": []
						},
						"CIN": {
							"value": "5400878",
							"matchLevel": "none",
							"matchedWords": []
						},
						"NAME": {
							"value": "<em>Cheese</em> & Onion Rolls 6 x 60g (360g)",
							"matchLevel": "full",
							"fullyHighlighted": false,
							"matchedWords": [
								"cheese"
							]
						},
						"BRAND": {
							"value": "ASDA",
							"matchLevel": "none",
							"matchedWords": []
						},
						"PRIMARY_TAXONOMY": {
							"AISLE_NAME": {
								"value": "Sausage Rolls & Cocktail Sausages",
								"matchLevel": "none",
								"matchedWords": []
							},
							"SHELF_NAME": {
								"value": "<em>Cheese</em> & Vegetarian Rolls",
								"matchLevel": "full",
								"fullyHighlighted": false,
								"matchedWords": [
									"cheese"
								]
							}
						}
					}
				},
				{
					"ID": "1000383232381",
					"STATUS": "A",
					"PHARMACY_RESTRICTED": false,
					"CIN": "9125496",
					"START_DATE": 1728388800.0,
					"END_DATE": 1924948800.0,
					"NAME": "Asda Exceptional Tasting British Cheese Selection 155g",
					"CS_YES": false,
					"SHOW_PRICE_CS": true,
					"SALES_TYPE": "Each",
					"IMAGE_ID": "5063089577509",
					"BRAND": "Exceptional by ASDA",
					"IS_BWS": false,
					"IS_FROZEN": false,
					"IS_SPONSORED": false,
					"PRICES": {
						"EN": {
							"OFFER": "List",
							"PRICE": 3.5,
							"PRICEPERUOM": 22.58065,
							"PRICEPERUOMFORMATTED": "£22.58/KG"
						}
					},
					"PRIMARY_TAXONOMY": {
						"CAT_ID": "1215660378320",
						"CAT_NAME": "Chilled Food",
						"DEPT_ID": "1215341805721",
						"DEPT_NAME": "Cheese",
						"AISLE_ID": "1215684281119",
						"AISLE_NAME": "Exceptional Cheese",
						"SHELF_ID": "1215684281120",
						"SHELF_NAME": "Exceptional Cheese"
					},
					"IS_FTO": false,
					"PRODUCT_TYPE": "STANDARD",
					"AVG_RATING": 4.5,
					"RATING_COUNT": 6.0,
					"PACK_SIZE": "155G",
					"STOCK": {
						"4565": 999
					},
					"MAX_QTY": 10,
					"objectID": "9125496",
					"_highlightResult": {
						"ID": {
							"value": "1000383232381",
							"matchLevel": "none",
							"matchedWords": []
						},
						"CIN": {
							"value": "9125496",
							"matchLevel": "none",
							"matchedWords": []
						},
						"NAME": {
							"value": "Asda Exceptional Tasting British <em>Cheese</em> Selection 155g",
							"matchLevel": "full",
							"fullyHighlighted": false,
							"matchedWords": [
								"cheese"
							]
						},
						"BRAND": {
							"value": "Exceptional by ASDA",
							"matchLevel": "none",
							"matchedWords": []
						},
						"PRIMARY_TAXONOMY": {
							"AISLE_NAME": {
								"value": "Exceptional <em>Cheese</em>",
								"matchLevel": "full",
								"fullyHighlighted": false,
								"matchedWords": [
									"cheese"
								]
							},
							"SHELF_NAME": {
								"value": "Exceptional <em>Cheese</em>",
								"matchLevel": "full",
								"fullyHighlighted": false,
								"matchedWords": [
									"cheese"
								]
							}
						},
						"LIFESTYLES": [
							{
								"value": "Suitable for Vegetarians",
								"matchLevel": "none",
								"matchedWords": []
							}
						]
					}
				},
				{
					"ID": "1000186791458",
					"STATUS": "A",
					"PHARMACY_RESTRICTED": false,
					"CIN": "6594910",
					"START_DATE": 1580299200.0,
					"END_DATE": 1924948800.0,
					"NAME": "Garlic & Herb Roulé 125g",
					"CS_YES": false,
					"SHOW_PRICE_CS": true,
					"SALES_TYPE": "Each",
					"IMAGE_ID": "5057172225873",
					"BRAND": "ASDA",
					"IS_BWS": false,
					"IS_FROZEN": false,
					"IS_SPONSORED": false,
					"PRICES": {
						"EN": {
							"OFFER": "List",
							"PRICE": 2.04,
							"PRICEPERUOM": 16.32,
							"PRICEPERUOMFORMATTED": "£16.32/KG"
						}
					},
					"PRIMARY_TAXONOMY": {
						"CAT_ID": "1215660378320",
						"CAT_NAME": "Chilled Food",
						"DEPT_ID": "1215341805721",
						"DEPT_NAME": "Cheese",
						"AISLE_ID": "1215341805865",
						"AISLE_NAME": "Soft & Cottage Cheese",
						"SHELF_ID": "1215341810303",
						"SHELF_NAME": "Soft Cheese"
					},
					"IS_FTO": false,
					"PRODUCT_TYPE": "STANDARD",
					"AVG_RATING": 4.6629,
					"RATING_COUNT": 89.0,
					"ICONS": [
						{
							"ID": "51000002",
							"ICON_NAME": "801_NoShellfish",
							"CLICKABLE": false,
							"IMAGE_URL": "https://ui.assets-asda.com/dm/_000_Icon?&$Icon-wapp$",
							"START_DATE": 1551700800,
							"END_DATE": 1551873600,
							"PRIORITY": 10440.0
						},
						{
							"ID": "59600445",
							"ICON_NAME": "M&S Taste Match",
							"CLICKABLE": true,
							"IMAGE_URL": "https://ui.assets-asda.com/dm/M-S-Taste-Match-Icon?",
							"START_DATE": 1695643200,
							"END_DATE": 1725019200,
							"PRIORITY": 70.0
						}
					],
					"PACK_SIZE": "125G",
					"STOCK": {
						"4565": 0
					},
					"MAX_QTY": 10,
					"objectID": "6594910",
					"_highlightResult": {
						"ID": {
							"value": "1000186791458",
							"matchLevel": "none",
							"matchedWords": []
						},
						"CIN": {
							"value": "6594910",
							"matchLevel": "none",
							"matchedWords": []
						},
						"NAME": {
							"value": "Garlic & Herb Roulé 125g",
							"matchLevel": "none",
							"matchedWords": []
						},
						"KEYWORDS": {
							"value": "M&S taste match,taste match,M&S Taste match,taste match",
							"matchLevel": "none",
							"matchedWords": []
						},
						"BRAND": {
							"value": "ASDA",
							"matchLevel": "none",
							"matchedWords": []
						},
						"PRIMARY_TAXONOMY": {
							"AISLE_NAME": {
								"value": "Soft & Cottage <em>Cheese</em>",
								"matchLevel": "full",
								"fullyHighlighted": false,
								"matchedWords": [
									"cheese"
								]
							},
							"SHELF_NAME": {
								"value": "Soft <em>Cheese</em>",
								"matchLevel": "full",
								"fullyHighlighted": false,
								"matchedWords": [
									"cheese"
								]
							}
						},
						"LIFESTYLES": [
							{
								"value": "Suitable for Vegetarians",
								"matchLevel": "none",
								"matchedWords": []
							}
						]
					}
				},
				{
					"ID": "910001256410",
					"STATUS": "A",
					"PHARMACY_RESTRICTED": false,
					"CIN": "4545239",
					"START_DATE": -2208945600.0,
					"END_DATE": 1924948800.0,
					"NAME": "British 10 Red Leicester Cheese Slices 250g",
					"CS_YES": false,
					"SHOW_PRICE_CS": true,
					"SALES_TYPE": "Each",
					"IMAGE_ID": "5054070150382",
					"BRAND": "ASDA",
					"IS_BWS": false,
					"IS_FROZEN": false,
					"IS_SPONSORED": false,
					"PRICES": {
						"EN": {
							"OFFER": "List",
							"PRICE": 2.54,
							"PRICEPERUOM": 10.16,
							"PRICEPERUOMFORMATTED": "£10.16/KG"
						}
					},
					"PRIMARY_TAXONOMY": {
						"CAT_ID": "1215660378320",
						"CAT_NAME": "Chilled Food",
						"DEPT_ID": "1215341805721",
						"DEPT_NAME": "Cheese",
						"AISLE_ID": "1215341805765",
						"AISLE_NAME": "Cheddar & Regional Cheese",
						"SHELF_ID": "1215626750653",
						"SHELF_NAME": "Grated & Sliced Cheese"
					},
					"IS_FTO": false,
					"PRODUCT_TYPE": "STANDARD",
					"AVG_RATING": 4.4111,
					"RATING_COUNT": 90.0,
					"PROMOS": {
						"EN": [
							{
								"ID": "10000479757",
								"NAME": "Any 2 for £4.48",
								"END_DATE": 1767225599.0,
								"START_DATE": 1755820800.0,
								"TYPE": 15
							}
						]
					},
					"ICONS": [
						{
							"ID": "51000002",
							"ICON_NAME": "801_NoShellfish",
							"CLICKABLE": false,
							"IMAGE_URL": "https://ui.assets-asda.com/dm/_000_Icon?&$Icon-wapp$",
							"START_DATE": 1551700800,
							"END_DATE": 1551873600,
							"PRIORITY": 10440.0
						},
						{
							"ID": "55000003",
							"ICON_NAME": "_151_UnionFlag",
							"CLICKABLE": false,
							"IMAGE_URL": "https://ui.assets-asda.comtest.jpg",
							"START_DATE": 1594728000,
							"END_DATE": 1600171200,
							"PRIORITY": 10427.0
						},
						{
							"ID": "55200006",
							"ICON_NAME": "_008_RedTractorAUTO",
							"CLICKABLE": true,
							"IMAGE_URL": "https://ui.assets-asda.com/dm/_008_redtractor?&$icon-wapp$",
							"START_DATE": 1609329600,
							"END_DATE": 1682510400,
							"PRIORITY": 5354.0
						},
						{
							"ID": "59600445",
							"ICON_NAME": "M&S Taste Match",
							"CLICKABLE": true,
							"IMAGE_URL": "https://ui.assets-asda.com/dm/M-S-Taste-Match-Icon?",
							"START_DATE": 1695643200,
							"END_DATE": 1725019200,
							"PRIORITY": 70.0
						},
						{
							"ID": "1215429129918",
							"ICON_NAME": "_043_British",
							"CLICKABLE": true,
							"IMAGE_URL": "https://ui.assets-asda.com/dm/_043_british?",
							"END_DATE": 1682510400,
							"PRIORITY": 5435.0
						},
						{
							"ID": "1215559958453",
							"ICON_NAME": "_122_farmerowned",
							"CLICKABLE": true,
							"IMAGE_URL": "https://ui.assets-asda.com/dm/_122_farmerowned?",
							"END_DATE": 1682510400,
							"PRIORITY": 1562.0
						}
					],
					"PACK_SIZE": "250G",
					"STOCK": {
						"4565": 999
					},
					"MAX_QTY": 10,
					"objectID": "4545239",
					"_highlightResult": {
						"ID": {
							"value": "910001256410",
							"matchLevel": "none",
							"matchedWords": []
						},
						"CIN": {
							"value": "4545239",
							"matchLevel": "none",
							"matchedWords": []
						},
						"NAME": {
							"value": "British 10 Red Leicester <em>Cheese</em> Slices 250g",
							"matchLevel": "full",
							"fullyHighlighted": false,
							"matchedWords": [
								"cheese"
							]
						},
						"KEYWORDS": {
							"value": "burger <em>cheese</em>",
							"matchLevel": "full",
							"fullyHighlighted": false,
							"matchedWords": [
								"cheese"
							]
						},
						"BRAND": {
							"value": "ASDA",
							"matchLevel": "none",
							"matchedWords": []
						},
						"PRIMARY_TAXONOMY": {
							"AISLE_NAME": {
								"value": "Cheddar & Regional <em>Cheese</em>",
								"matchLevel": "full",
								"fullyHighlighted": false,
								"matchedWords": [
									"cheese"
								]
							},
							"SHELF_NAME": {
								"value": "Grated & Sliced <em>Cheese</em>",
								"matchLevel": "full",
								"fullyHighlighted": false,
								"matchedWords": [
									"cheese"
								]
							}
						},
						"LIFESTYLES": [
							{
								"value": "Suitable for Vegetarians",
								"matchLevel": "none",
								"matchedWords": []
							}
						]
					}
				},
				{
					"ID": "1000226920906",
					"STATUS": "A",
					"PHARMACY_RESTRICTED": false,
					"CIN": "6744532",
					"START_DATE": 1588680000.0,
					"END_DATE": 1924948800.0,
					"NAME": "Milk Chocolate & Toffee Dessert",
					"CS_YES": false,
					"SHOW_PRICE_CS": true,
					"SALES_TYPE": "Each",
					"IMAGE_ID": "3023290045282",
					"BRAND": "Rolo",
					"IS_BWS": false,
					"IS_FROZEN": false,
					"IS_SPONSORED": false,
					"PRICES": {
						"EN": {
							"OFFER": "Rollback",
							"PRICE": 1.74,
							"WASPRICE": 2.48,
							"PRICEPERUOM": 0.66923,
							"PRICEPERUOMFORMATTED": "66.9p/100GR"
						}
					},
					"PRIMARY_TAXONOMY": {
						"CAT_ID": "1215660378320",
						"CAT_NAME": "Chilled Food",
						"DEPT_ID": "1215341888021",
						"DEPT_NAME": "Yogurts & Desserts",
						"AISLE_ID": "910000975612",
						"AISLE_NAME": "Desserts",
						"SHELF_ID": "1215639170517",
						"SHELF_NAME": "Chocolate & Caramel Desserts"
					},
					"IS_FTO": false,
					"PRODUCT_TYPE": "STANDARD",
					"AVG_RATING": 4.5641,
					"RATING_COUNT": 78.0,
					"ICONS": [
						{
							"ID": "51000002",
							"ICON_NAME": "801_NoShellfish",
							"CLICKABLE": false,
							"IMAGE_URL": "https://ui.assets-asda.com/dm/_000_Icon?&$Icon-wapp$",
							"START_DATE": 1551700800,
							"END_DATE": 1551873600,
							"PRIORITY": 10440.0
						},
						{
							"ID": "55200007",
							"ICON_NAME": "Rainforest Alliance",
							"CLICKABLE": true,
							"IMAGE_URL": "https://ui.assets-asda.com/dm/Rainforest-Alliance-Seal-Icon?$Icon-wapp$&$Icon-wapp$&$Icon-wapp2x$",
							"PRIORITY": 540.0
						}
					],
					"PACK_SIZE": "4X65G",
					"STOCK": {
						"4565": 999
					},
					"MAX_QTY": 10,
					"objectID": "6744532",
					"_highlightResult": {
						"ID": {
							"value": "1000226920906",
							"matchLevel": "none",
							"matchedWords": []
						},
						"CIN": {
							"value": "6744532",
							"matchLevel": "none",
							"matchedWords": []
						},
						"NAME": {
							"value": "Milk Chocolate & Toffee Dessert",
							"matchLevel": "none",
							"matchedWords": []
						},
						"KEYWORDS": {
							"value": "pots of joy",
							"matchLevel": "none",
							"matchedWords": []
						},
						"BRAND": {
							"value": "Rolo",
							"matchLevel": "none",
							"matchedWords": []
						},
						"PRIMARY_TAXONOMY": {
							"AISLE_NAME": {
								"value": "<em>Desserts</em>",
								"matchLevel": "full",
								"fullyHighlighted": true,
								"matchedWords": [
									"cheese"
								]
							},
							"SHELF_NAME": {
								"value": "Chocolate & Caramel <em>Desserts</em>",
								"matchLevel": "full",
								"fullyHighlighted": false,
								"matchedWords": [
									"cheese"
								]
							}
						}
					}
				},
				{
					"ID": "910001327548",
					"STATUS": "A",
					"PHARMACY_RESTRICTED": false,
					"CIN": "4636711",
					"START_DATE": 1446465600.0,
					"END_DATE": 1924948800.0,
					"NAME": "Mini Mozzarella 150g",
					"CS_YES": false,
					"SHOW_PRICE_CS": true,
					"SALES_TYPE": "Each",
					"IMAGE_ID": "8000430132267",
					"BRAND": "Galbani",
					"IS_BWS": false,
					"IS_FROZEN": false,
					"IS_SPONSORED": false,
					"PRICES": {
						"EN": {
							"OFFER": "List",
							"PRICE": 1.88,
							"PRICEPERUOM": 12.53333,
							"PRICEPERUOMFORMATTED": "£12.53/KG"
						}
					},
					"PRIMARY_TAXONOMY": {
						"CAT_ID": "1215660378320",
						"CAT_NAME": "Chilled Food",
						"DEPT_ID": "1215341805721",
						"DEPT_NAME": "Cheese",
						"AISLE_ID": "1215341805865",
						"AISLE_NAME": "Soft & Cottage Cheese",
						"SHELF_ID": "1215341810303",
						"SHELF_NAME": "Soft Cheese"
					},
					"IS_FTO": false,
					"PRODUCT_TYPE": "STANDARD",
					"AVG_RATING": 4.5,
					"RATING_COUNT": 2.0,
					"ICONS": [
						{
							"ID": "51000002",
							"ICON_NAME": "801_NoShellfish",
							"CLICKABLE": false,
							"IMAGE_URL": "https://ui.assets-asda.com/dm/_000_Icon?&$Icon-wapp$",
							"START_DATE": 1551700800,
							"END_DATE": 1551873600,
							"PRIORITY": 10440.0
						},
						{
							"ID": "1215413701904",
							"ICON_NAME": "_113_FreshPledge6DONOTUSE",
							"CLICKABLE": true,
							"IMAGE_URL": "https://ui.assets-asda.com/dm/icon_freshpledge?$days=6",
							"END_DATE": 1682467200,
							"PRIORITY": -103.0
						}
					],
					"PACK_SIZE": "150G",
					"STOCK": {
						"4565": 999
					},
					"MAX_QTY": 10,
					"objectID": "4636711",
					"_highlightResult": {
						"ID": {
							"value": "910001327548",
							"matchLevel": "none",
							"matchedWords": []
						},
						"CIN": {
							"value": "4636711",
							"matchLevel": "none",
							"matchedWords": []
						},
						"NAME": {
							"value": "Mini Mozzarella 150g",
							"matchLevel": "none",
							"matchedWords": []
						},
						"BRAND": {
							"value": "Galbani",
							"matchLevel": "none",
							"matchedWords": []
						},
						"PRIMARY_TAXONOMY": {
							"AISLE_NAME": {
								"value": "Soft & Cottage <em>Cheese</em>",
								"matchLevel": "full",
								"fullyHighlighted": false,
								"matchedWords": [
									"cheese"
								]
							},
							"SHELF_NAME": {
								"value": "Soft <em>Cheese</em>",
								"matchLevel": "full",
								"fullyHighlighted": false,
								"matchedWords": [
									"cheese"
								]
							}
						},
						"LIFESTYLES": [
							{
								"value": "Suitable for Vegetarians",
								"matchLevel": "none",
								"matchedWords": []
							}
						]
					}
				},
				{
					"ID": "1000371550338",
					"STATUS": "A",
					"PHARMACY_RESTRICTED": false,
					"CIN": "7345711",
					"START_DATE": 1647950400.0,
					"END_DATE": 1924948800.0,
					"NAME": "Chives 165g",
					"CS_YES": false,
					"SHOW_PRICE_CS": true,
					"SALES_TYPE": "Each",
					"IMAGE_ID": "7622201693831",
					"BRAND": "Philadelphia",
					"IS_BWS": false,
					"IS_FROZEN": false,
					"IS_SPONSORED": false,
					"PRICES": {
						"EN": {
							"OFFER": "Rollback",
							"PRICE": 1.28,
							"WASPRICE": 2.08,
							"PRICEPERUOM": 7.75758,
							"PRICEPERUOMFORMATTED": "£7.76/KG"
						}
					},
					"PRIMARY_TAXONOMY": {
						"CAT_ID": "1215660378320",
						"CAT_NAME": "Chilled Food",
						"DEPT_ID": "1215341805721",
						"DEPT_NAME": "Cheese",
						"AISLE_ID": "1215341805865",
						"AISLE_NAME": "Soft & Cottage Cheese",
						"SHELF_ID": "1215341810303",
						"SHELF_NAME": "Soft Cheese"
					},
					"IS_FTO": false,
					"PRODUCT_TYPE": "STANDARD",
					"AVG_RATING": 4.7143,
					"RATING_COUNT": 63.0,
					"PACK_SIZE": "165G",
					"STOCK": {
						"4565": 999
					},
					"MAX_QTY": 10,
					"objectID": "7345711",
					"_highlightResult": {
						"ID": {
							"value": "1000371550338",
							"matchLevel": "none",
							"matchedWords": []
						},
						"CIN": {
							"value": "7345711",
							"matchLevel": "none",
							"matchedWords": []
						},
						"NAME": {
							"value": "Chives 165g",
							"matchLevel": "none",
							"matchedWords": []
						},
						"KEYWORDS": {
							"value": "cream <em>cheese</em>,spread,spreadable,<em>cheese</em> spread",
							"matchLevel": "full",
							"fullyHighlighted": false,
							"matchedWords": [
								"cheese"
							]
						},
						"BRAND": {
							"value": "Philadelphia",
							"matchLevel": "none",
							"matchedWords": []
						},
						"PRIMARY_TAXONOMY": {
							"AISLE_NAME": {
								"value": "Soft & Cottage <em>Cheese</em>",
								"matchLevel": "full",
								"fullyHighlighted": false,
								"matchedWords": [
									"cheese"
								]
							},
							"SHELF_NAME": {
								"value": "Soft <em>Cheese</em>",
								"matchLevel": "full",
								"fullyHighlighted": false,
								"matchedWords": [
									"cheese"
								]
							}
						},
						"LIFESTYLES": [
							{
								"value": "Suitable for Vegetarians",
								"matchLevel": "none",
								"matchedWords": []
							}
						]
					}
				},
				{
					"ID": "910001077451",
					"STATUS": "A",
					"PHARMACY_RESTRICTED": false,
					"CIN": "4309824",
					"START_DATE": -2208945600.0,
					"END_DATE": 1924948800.0,
					"NAME": "Medium Coloured Cheddar Cheese",
					"CS_YES": false,
					"SHOW_PRICE_CS": true,
					"SALES_TYPE": "Each",
					"IMAGE_ID": "5017838817187",
					"BRAND": "Galloway",
					"IS_BWS": false,
					"IS_FROZEN": false,
					"IS_SPONSORED": false,
					"PRICES": {
						"EN": {
							"OFFER": "List",
							"PRICE": 2.5,
							"PRICEPERUOM": 12.5,
							"PRICEPERUOMFORMATTED": "£12.50/KG"
						}
					},
					"PRIMARY_TAXONOMY": {
						"CAT_ID": "1215660378320",
						"CAT_NAME": "Chilled Food",
						"DEPT_ID": "1215341805721",
						"DEPT_NAME": "Cheese",
						"AISLE_ID": "1215341805765",
						"AISLE_NAME": "Cheddar & Regional Cheese",
						"SHELF_ID": "1215341808640",
						"SHELF_NAME": "Mild & Medium Cheese"
					},
					"IS_FTO": false,
					"PRODUCT_TYPE": "STANDARD",
					"AVG_RATING": 4.425,
					"RATING_COUNT": 40.0,
					"ICONS": [
						{
							"ID": "51000002",
							"ICON_NAME": "801_NoShellfish",
							"CLICKABLE": false,
							"IMAGE_URL": "https://ui.assets-asda.com/dm/_000_Icon?&$Icon-wapp$",
							"START_DATE": 1551700800,
							"END_DATE": 1551873600,
							"PRIORITY": 10440.0
						},
						{
							"ID": "55200002",
							"ICON_NAME": "_001_ScotlandFlag",
							"CLICKABLE": true,
							"IMAGE_URL": "https://ui.assets-asda.com/dm/_021_scottish?",
							"END_DATE": 1597147200,
							"PRIORITY": 1350.0
						},
						{
							"ID": "55200006",
							"ICON_NAME": "_008_RedTractorAUTO",
							"CLICKABLE": true,
							"IMAGE_URL": "https://ui.assets-asda.com/dm/_008_redtractor?&$icon-wapp$",
							"START_DATE": 1609329600,
							"END_DATE": 1682510400,
							"PRIORITY": 5354.0
						},
						{
							"ID": "59600433",
							"ICON_NAME": "Scottish Favourites",
							"CLICKABLE": true,
							"IMAGE_URL": "https://ui.assets-asda.com/dm/_076_scottish_favourites?",
							"START_DATE": 1693224000,
							"END_DATE": 1924948800,
							"PRIORITY": 80.0
						},
						{
							"ID": "1215406847656",
							"ICON_NAME": "Great Taste of Scotland",
							"CLICKABLE": true,
							"IMAGE_URL": "https://ui.assets-asda.com/dm/_021_scottish?",
							"PRIORITY": 365.0
						}
					],
					"PACK_SIZE": "200G",
					"STOCK": {
						"4565": 0
					},
					"MAX_QTY": 10,
					"objectID": "4309824",
					"_highlightResult": {
						"ID": {
							"value": "910001077451",
							"matchLevel": "none",
							"matchedWords": []
						},
						"CIN": {
							"value": "4309824",
							"matchLevel": "none",
							"matchedWords": []
						},
						"NAME": {
							"value": "Medium Coloured Cheddar <em>Cheese</em>",
							"matchLevel": "full",
							"fullyHighlighted": false,
							"matchedWords": [
								"cheese"
							]
						},
						"BRAND": {
							"value": "Galloway",
							"matchLevel": "none",
							"matchedWords": []
						},
						"PRIMARY_TAXONOMY": {
							"AISLE_NAME": {
								"value": "Cheddar & Regional <em>Cheese</em>",
								"matchLevel": "full",
								"fullyHighlighted": false,
								"matchedWords": [
									"cheese"
								]
							},
							"SHELF_NAME": {
								"value": "Mild & Medium <em>Cheese</em>",
								"matchLevel": "full",
								"fullyHighlighted": false,
								"matchedWords": [
									"cheese"
								]
							}
						},
						"LIFESTYLES": [
							{
								"value": "Suitable for Vegetarians",
								"matchLevel": "none",
								"matchedWords": []
							}
						]
					}
				},
				{
					"ID": "1000383138907",
					"STATUS": "A",
					"PHARMACY_RESTRICTED": false,
					"CIN": "7484819",
					"START_DATE": 1658404800.0,
					"END_DATE": 1924948800.0,
					"NAME": "Vintage ‘Our Strongest’ Cheddar Cheese",
					"CS_YES": false,
					"SHOW_PRICE_CS": true,
					"SALES_TYPE": "Each",
					"IMAGE_ID": "5000295152762",
					"BRAND": "Cathedral City",
					"IS_BWS": false,
					"IS_FROZEN": false,
					"IS_SPONSORED": false,
					"PRICES": {
						"EN": {
							"OFFER": "Rollback",
							"PRICE": 2.93,
							"WASPRICE": 3.58,
							"PRICEPERUOM": 8.37143,
							"PRICEPERUOMFORMATTED": "£8.37/KG"
						}
					},
					"PRIMARY_TAXONOMY": {
						"CAT_ID": "1215660378320",
						"CAT_NAME": "Chilled Food",
						"DEPT_ID": "1215341805721",
						"DEPT_NAME": "Cheese",
						"AISLE_ID": "1215341805765",
						"AISLE_NAME": "Cheddar & Regional Cheese",
						"SHELF_ID": "1215341808760",
						"SHELF_NAME": "Mature Cheese"
					},
					"IS_FTO": false,
					"PRODUCT_TYPE": "STANDARD",
					"AVG_RATING": 4.5424,
					"RATING_COUNT": 59.0,
					"ICONS": [
						{
							"ID": "55000003",
							"ICON_NAME": "_151_UnionFlag",
							"CLICKABLE": false,
							"IMAGE_URL": "https://ui.assets-asda.comtest.jpg",
							"START_DATE": 1594728000,
							"END_DATE": 1600171200,
							"PRIORITY": 10427.0
						},
						{
							"ID": "55200006",
							"ICON_NAME": "_008_RedTractorAUTO",
							"CLICKABLE": true,
							"IMAGE_URL": "https://ui.assets-asda.com/dm/_008_redtractor?&$icon-wapp$",
							"START_DATE": 1609329600,
							"END_DATE": 1682510400,
							"PRIORITY": 5354.0
						}
					],
					"PACK_SIZE": "350G",
					"STOCK": {
						"4565": 999
					},
					"MAX_QTY": 10,
					"objectID": "7484819",
					"_highlightResult": {
						"ID": {
							"value": "1000383138907",
							"matchLevel": "none",
							"matchedWords": []
						},
						"CIN": {
							"value": "7484819",
							"matchLevel": "none",
							"matchedWords": []
						},
						"NAME": {
							"value": "Vintage ‘Our Strongest’ Cheddar <em>Cheese</em>",
							"matchLevel": "full",
							"fullyHighlighted": false,
							"matchedWords": [
								"cheese"
							]
						},
						"KEYWORDS": {
							"value": "Extra Mature <em>Cheese</em>,Extra Mature Cheddar,Strong <em>Cheese</em>",
							"matchLevel": "full",
							"fullyHighlighted": false,
							"matchedWords": [
								"cheese"
							]
						},
						"BRAND": {
							"value": "Cathedral City",
							"matchLevel": "none",
							"matchedWords": []
						},
						"PRIMARY_TAXONOMY": {
							"AISLE_NAME": {
								"value": "Cheddar & Regional <em>Cheese</em>",
								"matchLevel": "full",
								"fullyHighlighted": false,
								"matchedWords": [
									"cheese"
								]
							},
							"SHELF_NAME": {
								"value": "Mature <em>Cheese</em>",
								"matchLevel": "full",
								"fullyHighlighted": false,
								"matchedWords": [
									"cheese"
								]
							}
						},
						"LIFESTYLES": [
							{
								"value": "Suitable for Vegetarians",
								"matchLevel": "none",
								"matchedWords": []
							}
						]
					}
				},
				{
					"ID": "910003190733",
					"STATUS": "A",
					"PHARMACY_RESTRICTED": false,
					"CIN": "5845652",
					"START_DATE": 1708344000.0,
					"END_DATE": 1924948800.0,
					"NAME": "Extra Mature Cheddar",
					"CS_YES": false,
					"SHOW_PRICE_CS": true,
					"SALES_TYPE": "Each",
					"IMAGE_ID": "5000165375161",
					"BRAND": "Pilgrims Choice",
					"IS_BWS": false,
					"IS_FROZEN": false,
					"IS_SPONSORED": false,
					"LABEL": "Rollback",
					"LABEL_START_DATE": 1625313600.0,
					"LABEL_END_DATE": 1626868800.0,
					"PRICES": {
						"EN": {
							"OFFER": "Dropped",
							"PRICE": 3.98,
							"WASPRICE": 5.2,
							"PRICEPERUOM": 7.23636,
							"PRICEPERUOMFORMATTED": "£7.24/KG"
						}
					},
					"PRIMARY_TAXONOMY": {
						"CAT_ID": "1215660378320",
						"CAT_NAME": "Chilled Food",
						"DEPT_ID": "1215341805721",
						"DEPT_NAME": "Cheese",
						"AISLE_ID": "1215341805765",
						"AISLE_NAME": "Cheddar & Regional Cheese",
						"SHELF_ID": "1215341808819",
						"SHELF_NAME": "Extra Mature & Vintage Cheese"
					},
					"IS_FTO": false,
					"PRODUCT_TYPE": "STANDARD",
					"AVG_RATING": 4.8043,
					"RATING_COUNT": 92.0,
					"ICONS": [
						{
							"ID": "51000002",
							"ICON_NAME": "801_NoShellfish",
							"CLICKABLE": false,
							"IMAGE_URL": "https://ui.assets-asda.com/dm/_000_Icon?&$Icon-wapp$",
							"START_DATE": 1551700800,
							"END_DATE": 1551873600,
							"PRIORITY": 10440.0
						}
					],
					"PACK_SIZE": "550G",
					"STOCK": {
						"4565": 999
					},
					"MAX_QTY": 10,
					"objectID": "5845652",
					"_highlightResult": {
						"ID": {
							"value": "910003190733",
							"matchLevel": "none",
							"matchedWords": []
						},
						"CIN": {
							"value": "5845652",
							"matchLevel": "none",
							"matchedWords": []
						},
						"NAME": {
							"value": "Extra Mature Cheddar",
							"matchLevel": "none",
							"matchedWords": []
						},
						"BRAND": {
							"value": "Pilgrims Choice",
							"matchLevel": "none",
							"matchedWords": []
						},
						"PRIMARY_TAXONOMY": {
							"AISLE_NAME": {
								"value": "Cheddar & Regional <em>Cheese</em>",
								"matchLevel": "full",
								"fullyHighlighted": false,
								"matchedWords": [
									"cheese"
								]
							},
							"SHELF_NAME": {
								"value": "Extra Mature & Vintage <em>Cheese</em>",
								"matchLevel": "full",
								"fullyHighlighted": false,
								"matchedWords": [
									"cheese"
								]
							}
						},
						"LIFESTYLES": [
							{
								"value": "Suitable for Vegetarians",
								"matchLevel": "none",
								"matchedWords": []
							}
						]
					}
				},
				{
					"ID": "1000383227138",
					"STATUS": "A",
					"PHARMACY_RESTRICTED": false,
					"CIN": "9110161",
					"START_DATE": 1718107200.0,
					"END_DATE": 1924948800.0,
					"NAME": "Parmigiano Reggiano Dop 170g",
					"CS_YES": false,
					"SHOW_PRICE_CS": true,
					"SALES_TYPE": "Each",
					"IMAGE_ID": "5063089520024",
					"BRAND": "Exceptional by ASDA",
					"IS_BWS": false,
					"IS_FROZEN": false,
					"IS_SPONSORED": false,
					"PRICES": {
						"EN": {
							"OFFER": "List",
							"PRICE": 3.57,
							"PRICEPERUOM": 21.0,
							"PRICEPERUOMFORMATTED": "£21.00/KG"
						}
					},
					"PRIMARY_TAXONOMY": {
						"CAT_ID": "1215660378320",
						"CAT_NAME": "Chilled Food",
						"DEPT_ID": "1215341805721",
						"DEPT_NAME": "Cheese",
						"AISLE_ID": "1215341806015",
						"AISLE_NAME": "Continental Cheese",
						"SHELF_ID": "1215627294585",
						"SHELF_NAME": "Parmesan & Hard Cheese"
					},
					"IS_FTO": false,
					"PRODUCT_TYPE": "STANDARD",
					"AVG_RATING": 4.7297,
					"RATING_COUNT": 37.0,
					"ICONS": [
						{
							"ID": "51000002",
							"ICON_NAME": "801_NoShellfish",
							"CLICKABLE": false,
							"IMAGE_URL": "https://ui.assets-asda.com/dm/_000_Icon?&$Icon-wapp$",
							"START_DATE": 1551700800,
							"END_DATE": 1551873600,
							"PRIORITY": 10440.0
						}
					],
					"PACK_SIZE": "170G",
					"STOCK": {
						"4565": 999
					},
					"MAX_QTY": 10,
					"objectID": "9110161",
					"_highlightResult": {
						"ID": {
							"value": "1000383227138",
							"matchLevel": "none",
							"matchedWords": []
						},
						"CIN": {
							"value": "9110161",
							"matchLevel": "none",
							"matchedWords": []
						},
						"NAME": {
							"value": "Parmigiano Reggiano Dop 170g",
							"matchLevel": "none",
							"matchedWords": []
						},
						"KEYWORDS": {
							"value": "extra special <em>cheese</em>,extra special,extra special parmesan",
							"matchLevel": "full",
							"fullyHighlighted": false,
							"matchedWords": [
								"cheese"
							]
						},
						"BRAND": {
							"value": "Exceptional by ASDA",
							"matchLevel": "none",
							"matchedWords": []
						},
						"PRIMARY_TAXONOMY": {
							"AISLE_NAME": {
								"value": "Continental <em>Cheese</em>",
								"matchLevel": "full",
								"fullyHighlighted": false,
								"matchedWords": [
									"cheese"
								]
							},
							"SHELF_NAME": {
								"value": "Parmesan & Hard <em>Cheese</em>",
								"matchLevel": "full",
								"fullyHighlighted": false,
								"matchedWords": [
									"cheese"
								]
							}
						}
					}
				},
				{
					"ID": "910000979660",
					"STATUS": "A",
					"PHARMACY_RESTRICTED": false,
					"CIN": "4181499",
					"START_DATE": 1626868800.0,
					"END_DATE": 1924948800.0,
					"NAME": "Light Cheese Spread",
					"CS_YES": false,
					"SHOW_PRICE_CS": true,
					"SALES_TYPE": "Each",
					"IMAGE_ID": "5017838816890",
					"BRAND": "Seriously Spreadable",
					"IS_BWS": false,
					"IS_FROZEN": false,
					"IS_SPONSORED": false,
					"PRICES": {
						"EN": {
							"OFFER": "List",
							"PRICE": 1.38,
							"PRICEPERUOM": 11.04,
							"PRICEPERUOMFORMATTED": "£11.04/KG"
						}
					},
					"PRIMARY_TAXONOMY": {
						"CAT_ID": "1215660378320",
						"CAT_NAME": "Chilled Food",
						"DEPT_ID": "1215341805721",
						"DEPT_NAME": "Cheese",
						"AISLE_ID": "1215341805865",
						"AISLE_NAME": "Soft & Cottage Cheese",
						"SHELF_ID": "1215341810422",
						"SHELF_NAME": "Cheese Spreads"
					},
					"IS_FTO": false,
					"PRODUCT_TYPE": "STANDARD",
					"AVG_RATING": 4.7679,
					"RATING_COUNT": 56.0,
					"ICONS": [
						{
							"ID": "51000002",
							"ICON_NAME": "801_NoShellfish",
							"CLICKABLE": false,
							"IMAGE_URL": "https://ui.assets-asda.com/dm/_000_Icon?&$Icon-wapp$",
							"START_DATE": 1551700800,
							"END_DATE": 1551873600,
							"PRIORITY": 10440.0
						}
					],
					"PACK_SIZE": "125G",
					"STOCK": {
						"4565": 999
					},
					"MAX_QTY": 10,
					"objectID": "4181499",
					"_highlightResult": {
						"ID": {
							"value": "910000979660",
							"matchLevel": "none",
							"matchedWords": []
						},
						"CIN": {
							"value": "4181499",
							"matchLevel": "none",
							"matchedWords": []
						},
						"NAME": {
							"value": "Light <em>Cheese</em> Spread",
							"matchLevel": "full",
							"fullyHighlighted": false,
							"matchedWords": [
								"cheese"
							]
						},
						"BRAND": {
							"value": "Seriously Spreadable",
							"matchLevel": "none",
							"matchedWords": []
						},
						"PRIMARY_TAXONOMY": {
							"AISLE_NAME": {
								"value": "Soft & Cottage <em>Cheese</em>",
								"matchLevel": "full",
								"fullyHighlighted": false,
								"matchedWords": [
									"cheese"
								]
							},
							"SHELF_NAME": {
								"value": "<em>Cheese</em> Spreads",
								"matchLevel": "full",
								"fullyHighlighted": false,
								"matchedWords": [
									"cheese"
								]
							}
						},
						"LIFESTYLES": [
							{
								"value": "Suitable for Vegetarians",
								"matchLevel": "none",
								"matchedWords": []
							}
						]
					}
				},
				{
					"ID": "910000563392",
					"STATUS": "A",
					"PHARMACY_RESTRICTED": false,
					"CIN": "3884168",
					"START_DATE": -2208945600.0,
					"END_DATE": 1924948800.0,
					"NAME": "Cheestrings 8 x 20g (160g)",
					"CS_YES": false,
					"SHOW_PRICE_CS": true,
					"SALES_TYPE": "Each",
					"IMAGE_ID": "5000187130946",
					"BRAND": "Strings & Things",
					"IS_BWS": false,
					"IS_FROZEN": false,
					"IS_SPONSORED": false,
					"PRICES": {
						"EN": {
							"OFFER": "Dropped",
							"PRICE": 2.47,
							"WASPRICE": 2.49,
							"PRICEPERUOM": 15.4375,
							"PRICEPERUOMFORMATTED": "£15.44/KG"
						}
					},
					"PRIMARY_TAXONOMY": {
						"CAT_ID": "1215660378320",
						"CAT_NAME": "Chilled Food",
						"DEPT_ID": "1215341805721",
						"DEPT_NAME": "Cheese",
						"AISLE_ID": "1215341805914",
						"AISLE_NAME": "Cheese Snacks & Lunchbox",
						"SHELF_ID": "1215341810541",
						"SHELF_NAME": "Cheese Strips & Dunkers"
					},
					"IS_FTO": false,
					"PRODUCT_TYPE": "STANDARD",
					"AVG_RATING": 3.9021,
					"RATING_COUNT": 194.0,
					"ICONS": [
						{
							"ID": "51000002",
							"ICON_NAME": "801_NoShellfish",
							"CLICKABLE": false,
							"IMAGE_URL": "https://ui.assets-asda.com/dm/_000_Icon?&$Icon-wapp$",
							"START_DATE": 1551700800,
							"END_DATE": 1551873600,
							"PRIORITY": 10440.0
						}
					],
					"PACK_SIZE": "160G",
					"STOCK": {
						"4565": 999
					},
					"MAX_QTY": 10,
					"objectID": "3884168",
					"_highlightResult": {
						"ID": {
							"value": "910000563392",
							"matchLevel": "none",
							"matchedWords": []
						},
						"CIN": {
							"value": "3884168",
							"matchLevel": "none",
							"matchedWords": []
						},
						"NAME": {
							"value": "Cheestrings 8 x 20g (160g)",
							"matchLevel": "none",
							"matchedWords": []
						},
						"KEYWORDS": {
							"value": "packed lunch,pack lunch",
							"matchLevel": "none",
							"matchedWords": []
						},
						"BRAND": {
							"value": "Strings & Things",
							"matchLevel": "none",
							"matchedWords": []
						},
						"PRIMARY_TAXONOMY": {
							"AISLE_NAME": {
								"value": "<em>Cheese</em> Snacks & Lunchbox",
								"matchLevel": "full",
								"fullyHighlighted": false,
								"matchedWords": [
									"cheese"
								]
							},
							"SHELF_NAME": {
								"value": "<em>Cheese</em> Strips & Dunkers",
								"matchLevel": "full",
								"fullyHighlighted": false,
								"matchedWords": [
									"cheese"
								]
							}
						},
						"LIFESTYLES": [
							{
								"value": "Suitable for Vegetarians",
								"matchLevel": "none",
								"matchedWords": []
							}
						]
					}
				},
				{
					"ID": "910001440072",
					"STATUS": "A",
					"PHARMACY_RESTRICTED": false,
					"CIN": "4767736",
					"START_DATE": -2208945600.0,
					"END_DATE": 1924948800.0,
					"NAME": "Cheese Triangles x16",
					"CS_YES": false,
					"SHOW_PRICE_CS": true,
					"SALES_TYPE": "Each",
					"IMAGE_ID": "7622210317643",
					"BRAND": "Dairylea",
					"IS_BWS": false,
					"IS_FROZEN": false,
					"IS_SPONSORED": false,
					"PRICES": {
						"EN": {
							"OFFER": "Dropped",
							"PRICE": 2.28,
							"WASPRICE": 2.95,
							"PRICEPERUOM": 9.12,
							"PRICEPERUOMFORMATTED": "£9.12/KG"
						}
					},
					"PRIMARY_TAXONOMY": {
						"CAT_ID": "1215660378320",
						"CAT_NAME": "Chilled Food",
						"DEPT_ID": "1215341805721",
						"DEPT_NAME": "Cheese",
						"AISLE_ID": "1215341805914",
						"AISLE_NAME": "Cheese Snacks & Lunchbox",
						"SHELF_ID": "1215341810482",
						"SHELF_NAME": "Cheese Triangles"
					},
					"IS_FTO": false,
					"PRODUCT_TYPE": "STANDARD",
					"AVG_RATING": 4.6598,
					"RATING_COUNT": 97.0,
					"PACK_SIZE": "250G",
					"STOCK": {
						"4565": 999
					},
					"MAX_QTY": 10,
					"objectID": "4767736",
					"_highlightResult": {
						"ID": {
							"value": "910001440072",
							"matchLevel": "none",
							"matchedWords": []
						},
						"CIN": {
							"value": "4767736",
							"matchLevel": "none",
							"matchedWords": []
						},
						"NAME": {
							"value": "<em>Cheese</em> Triangles x16",
							"matchLevel": "full",
							"fullyHighlighted": false,
							"matchedWords": [
								"cheese"
							]
						},
						"KEYWORDS": {
							"value": "packed lunch,pack lunch",
							"matchLevel": "none",
							"matchedWords": []
						},
						"BRAND": {
							"value": "Dairylea",
							"matchLevel": "none",
							"matchedWords": []
						},
						"PRIMARY_TAXONOMY": {
							"AISLE_NAME": {
								"value": "<em>Cheese</em> Snacks & Lunchbox",
								"matchLevel": "full",
								"fullyHighlighted": false,
								"matchedWords": [
									"cheese"
								]
							},
							"SHELF_NAME": {
								"value": "<em>Cheese</em> Triangles",
								"matchLevel": "full",
								"fullyHighlighted": false,
								"matchedWords": [
									"cheese"
								]
							}
						},
						"LIFESTYLES": [
							{
								"value": "Suitable for Vegetarians",
								"matchLevel": "none",
								"matchedWords": []
							}
						]
					}
				},
				{
					"ID": "1000013419759",
					"STATUS": "A",
					"PHARMACY_RESTRICTED": false,
					"CIN": "6010595",
					"START_DATE": 1528286400.0,
					"END_DATE": 1924948800.0,
					"NAME": "Dutch 10 Gouda Slices",
					"CS_YES": false,
					"SHOW_PRICE_CS": true,
					"SALES_TYPE": "Each",
					"IMAGE_ID": "5054781763413",
					"BRAND": "ASDA",
					"IS_BWS": false,
					"IS_FROZEN": false,
					"IS_SPONSORED": false,
					"PRICES": {
						"EN": {
							"OFFER": "List",
							"PRICE": 2.54,
							"PRICEPERUOM": 10.16,
							"PRICEPERUOMFORMATTED": "£10.16/KG"
						}
					},
					"PRIMARY_TAXONOMY": {
						"CAT_ID": "1215660378320",
						"CAT_NAME": "Chilled Food",
						"DEPT_ID": "1215341805721",
						"DEPT_NAME": "Cheese",
						"AISLE_ID": "1215341805815",
						"AISLE_NAME": "Grated & Sliced Cheese",
						"SHELF_ID": "1215341810182",
						"SHELF_NAME": "Cheese Slices"
					},
					"IS_FTO": false,
					"PRODUCT_TYPE": "STANDARD",
					"AVG_RATING": 4.597,
					"RATING_COUNT": 67.0,
					"PROMOS": {
						"EN": [
							{
								"ID": "10000479757",
								"NAME": "Any 2 for £4.48",
								"END_DATE": 1767225599.0,
								"START_DATE": 1755820800.0,
								"TYPE": 15
							}
						]
					},
					"ICONS": [
						{
							"ID": "51000002",
							"ICON_NAME": "801_NoShellfish",
							"CLICKABLE": false,
							"IMAGE_URL": "https://ui.assets-asda.com/dm/_000_Icon?&$Icon-wapp$",
							"START_DATE": 1551700800,
							"END_DATE": 1551873600,
							"PRIORITY": 10440.0
						},
						{
							"ID": "59600445",
							"ICON_NAME": "M&S Taste Match",
							"CLICKABLE": true,
							"IMAGE_URL": "https://ui.assets-asda.com/dm/M-S-Taste-Match-Icon?",
							"START_DATE": 1695643200,
							"END_DATE": 1725019200,
							"PRIORITY": 70.0
						}
					],
					"PACK_SIZE": "250G",
					"STOCK": {
						"4565": 999
					},
					"MAX_QTY": 10,
					"objectID": "6010595",
					"_highlightResult": {
						"ID": {
							"value": "1000013419759",
							"matchLevel": "none",
							"matchedWords": []
						},
						"CIN": {
							"value": "6010595",
							"matchLevel": "none",
							"matchedWords": []
						},
						"NAME": {
							"value": "Dutch 10 Gouda Slices",
							"matchLevel": "none",
							"matchedWords": []
						},
						"KEYWORDS": {
							"value": "M&S taste match,taste match,burger <em>cheese</em>",
							"matchLevel": "full",
							"fullyHighlighted": false,
							"matchedWords": [
								"cheese"
							]
						},
						"BRAND": {
							"value": "ASDA",
							"matchLevel": "none",
							"matchedWords": []
						},
						"PRIMARY_TAXONOMY": {
							"AISLE_NAME": {
								"value": "Grated & Sliced <em>Cheese</em>",
								"matchLevel": "full",
								"fullyHighlighted": false,
								"matchedWords": [
									"cheese"
								]
							},
							"SHELF_NAME": {
								"value": "<em>Cheese</em> Slices",
								"matchLevel": "full",
								"fullyHighlighted": false,
								"matchedWords": [
									"cheese"
								]
							}
						},
						"LIFESTYLES": [
							{
								"value": "Suitable for Vegetarians",
								"matchLevel": "none",
								"matchedWords": []
							}
						]
					}
				},
				{
					"ID": "1000321309693",
					"STATUS": "A",
					"PHARMACY_RESTRICTED": false,
					"CIN": "7148111",
					"START_DATE": 1634644800.0,
					"END_DATE": 1924948800.0,
					"NAME": "Cheese 'n' Ham",
					"CS_YES": false,
					"SHOW_PRICE_CS": true,
					"SALES_TYPE": "Each",
					"IMAGE_ID": "5016049086238",
					"BRAND": "Primula",
					"IS_BWS": false,
					"IS_FROZEN": false,
					"IS_SPONSORED": false,
					"PRICES": {
						"EN": {
							"OFFER": "Rollback",
							"PRICE": 1.34,
							"WASPRICE": 1.84,
							"PRICEPERUOM": 9.57143,
							"PRICEPERUOMFORMATTED": "£9.57/KG"
						}
					},
					"PRIMARY_TAXONOMY": {
						"CAT_ID": "1215660378320",
						"CAT_NAME": "Chilled Food",
						"DEPT_ID": "1215341805721",
						"DEPT_NAME": "Cheese",
						"AISLE_ID": "1215341805865",
						"AISLE_NAME": "Soft & Cottage Cheese",
						"SHELF_ID": "1215341810422",
						"SHELF_NAME": "Cheese Spreads"
					},
					"IS_FTO": false,
					"PRODUCT_TYPE": "STANDARD",
					"AVG_RATING": 4.75,
					"RATING_COUNT": 60.0,
					"ICONS": [
						{
							"ID": "51000002",
							"ICON_NAME": "801_NoShellfish",
							"CLICKABLE": false,
							"IMAGE_URL": "https://ui.assets-asda.com/dm/_000_Icon?&$Icon-wapp$",
							"START_DATE": 1551700800,
							"END_DATE": 1551873600,
							"PRIORITY": 10440.0
						}
					],
					"PACK_SIZE": "140G",
					"STOCK": {
						"4565": 999
					},
					"MAX_QTY": 10,
					"objectID": "7148111",
					"_highlightResult": {
						"ID": {
							"value": "1000321309693",
							"matchLevel": "none",
							"matchedWords": []
						},
						"CIN": {
							"value": "7148111",
							"matchLevel": "none",
							"matchedWords": []
						},
						"NAME": {
							"value": "<em>Cheese</em> 'n' Ham",
							"matchLevel": "full",
							"fullyHighlighted": false,
							"matchedWords": [
								"cheese"
							]
						},
						"BRAND": {
							"value": "Primula",
							"matchLevel": "none",
							"matchedWords": []
						},
						"PRIMARY_TAXONOMY": {
							"AISLE_NAME": {
								"value": "Soft & Cottage <em>Cheese</em>",
								"matchLevel": "full",
								"fullyHighlighted": false,
								"matchedWords": [
									"cheese"
								]
							},
							"SHELF_NAME": {
								"value": "<em>Cheese</em> Spreads",
								"matchLevel": "full",
								"fullyHighlighted": false,
								"matchedWords": [
									"cheese"
								]
							}
						},
						"LIFESTYLES": [
							{
								"value": "Gluten free",
								"matchLevel": "none",
								"matchedWords": []
							}
						]
					}
				},
				{
					"ID": "1000226920902",
					"STATUS": "A",
					"PHARMACY_RESTRICTED": false,
					"CIN": "6744530",
					"START_DATE": 1588680000.0,
					"END_DATE": 1924948800.0,
					"NAME": "White Chocolate Dessert",
					"CS_YES": false,
					"SHOW_PRICE_CS": true,
					"SALES_TYPE": "Each",
					"IMAGE_ID": "3023290045251",
					"BRAND": "Milkybar",
					"IS_BWS": false,
					"IS_FROZEN": false,
					"IS_SPONSORED": false,
					"PRICES": {
						"EN": {
							"OFFER": "Rollback",
							"PRICE": 1.74,
							"WASPRICE": 2.48,
							"PRICEPERUOM": 0.66923,
							"PRICEPERUOMFORMATTED": "66.9p/100GR"
						}
					},
					"PRIMARY_TAXONOMY": {
						"CAT_ID": "1215660378320",
						"CAT_NAME": "Chilled Food",
						"DEPT_ID": "1215341888021",
						"DEPT_NAME": "Yogurts & Desserts",
						"AISLE_ID": "910000975612",
						"AISLE_NAME": "Desserts",
						"SHELF_ID": "1215639170517",
						"SHELF_NAME": "Chocolate & Caramel Desserts"
					},
					"IS_FTO": false,
					"PRODUCT_TYPE": "STANDARD",
					"AVG_RATING": 4.4324,
					"RATING_COUNT": 37.0,
					"ICONS": [
						{
							"ID": "51000002",
							"ICON_NAME": "801_NoShellfish",
							"CLICKABLE": false,
							"IMAGE_URL": "https://ui.assets-asda.com/dm/_000_Icon?&$Icon-wapp$",
							"START_DATE": 1551700800,
							"END_DATE": 1551873600,
							"PRIORITY": 10440.0
						},
						{
							"ID": "55200007",
							"ICON_NAME": "Rainforest Alliance",
							"CLICKABLE": true,
							"IMAGE_URL": "https://ui.assets-asda.com/dm/Rainforest-Alliance-Seal-Icon?$Icon-wapp$&$Icon-wapp$&$Icon-wapp2x$",
							"PRIORITY": 540.0
						}
					],
					"PACK_SIZE": "4X65G",
					"STOCK": {
						"4565": 999
					},
					"MAX_QTY": 10,
					"objectID": "6744530",
					"_highlightResult": {
						"ID": {
							"value": "1000226920902",
							"matchLevel": "none",
							"matchedWords": []
						},
						"CIN": {
							"value": "6744530",
							"matchLevel": "none",
							"matchedWords": []
						},
						"NAME": {
							"value": "White Chocolate Dessert",
							"matchLevel": "none",
							"matchedWords": []
						},
						"BRAND": {
							"value": "Milkybar",
							"matchLevel": "none",
							"matchedWords": []
						},
						"PRIMARY_TAXONOMY": {
							"AISLE_NAME": {
								"value": "<em>Desserts</em>",
								"matchLevel": "full",
								"fullyHighlighted": true,
								"matchedWords": [
									"cheese"
								]
							},
							"SHELF_NAME": {
								"value": "Chocolate & Caramel <em>Desserts</em>",
								"matchLevel": "full",
								"fullyHighlighted": false,
								"matchedWords": [
									"cheese"
								]
							}
						}
					}
				},
				{
					"ID": "910001331818",
					"STATUS": "A",
					"PHARMACY_RESTRICTED": false,
					"CIN": "4642079",
					"START_DATE": -2208945600.0,
					"END_DATE": 1924948800.0,
					"NAME": "Wensleydale Mild & Crumbly 250g",
					"CS_YES": false,
					"SHOW_PRICE_CS": true,
					"SALES_TYPE": "Each",
					"IMAGE_ID": "5054070243763",
					"BRAND": "ASDA",
					"IS_BWS": false,
					"IS_FROZEN": false,
					"IS_SPONSORED": false,
					"PRICES": {
						"EN": {
							"OFFER": "List",
							"PRICE": 2.82,
							"PRICEPERUOM": 11.28,
							"PRICEPERUOMFORMATTED": "£11.28/KG"
						}
					},
					"PRIMARY_TAXONOMY": {
						"CAT_ID": "1215660378320",
						"CAT_NAME": "Chilled Food",
						"DEPT_ID": "1215341805721",
						"DEPT_NAME": "Cheese",
						"AISLE_ID": "1215341805765",
						"AISLE_NAME": "Cheddar & Regional Cheese",
						"SHELF_ID": "1215341809057",
						"SHELF_NAME": "White Regional Cheese"
					},
					"IS_FTO": false,
					"PRODUCT_TYPE": "STANDARD",
					"AVG_RATING": 4.4561,
					"RATING_COUNT": 57.0,
					"ICONS": [
						{
							"ID": "51000002",
							"ICON_NAME": "801_NoShellfish",
							"CLICKABLE": false,
							"IMAGE_URL": "https://ui.assets-asda.com/dm/_000_Icon?&$Icon-wapp$",
							"START_DATE": 1551700800,
							"END_DATE": 1551873600,
							"PRIORITY": 10440.0
						},
						{
							"ID": "55200006",
							"ICON_NAME": "_008_RedTractorAUTO",
							"CLICKABLE": true,
							"IMAGE_URL": "https://ui.assets-asda.com/dm/_008_redtractor?&$icon-wapp$",
							"START_DATE": 1609329600,
							"END_DATE": 1682510400,
							"PRIORITY": 5354.0
						},
						{
							"ID": "59600445",
							"ICON_NAME": "M&S Taste Match",
							"CLICKABLE": true,
							"IMAGE_URL": "https://ui.assets-asda.com/dm/M-S-Taste-Match-Icon?",
							"START_DATE": 1695643200,
							"END_DATE": 1725019200,
							"PRIORITY": 70.0
						},
						{
							"ID": "1215429129918",
							"ICON_NAME": "_043_British",
							"CLICKABLE": true,
							"IMAGE_URL": "https://ui.assets-asda.com/dm/_043_british?",
							"END_DATE": 1682510400,
							"PRIORITY": 5435.0
						}
					],
					"PACK_SIZE": "250G",
					"STOCK": {
						"4565": 999
					},
					"MAX_QTY": 10,
					"objectID": "4642079",
					"_highlightResult": {
						"ID": {
							"value": "910001331818",
							"matchLevel": "none",
							"matchedWords": []
						},
						"CIN": {
							"value": "4642079",
							"matchLevel": "none",
							"matchedWords": []
						},
						"NAME": {
							"value": "Wensleydale Mild & Crumbly 250g",
							"matchLevel": "none",
							"matchedWords": []
						},
						"KEYWORDS": {
							"value": "<em>cheese</em> board,<em>Cheese</em>board,M&S taste match,taste match,M&S Taste match,taste match",
							"matchLevel": "full",
							"fullyHighlighted": false,
							"matchedWords": [
								"cheese"
							]
						},
						"BRAND": {
							"value": "ASDA",
							"matchLevel": "none",
							"matchedWords": []
						},
						"PRIMARY_TAXONOMY": {
							"AISLE_NAME": {
								"value": "Cheddar & Regional <em>Cheese</em>",
								"matchLevel": "full",
								"fullyHighlighted": false,
								"matchedWords": [
									"cheese"
								]
							},
							"SHELF_NAME": {
								"value": "White Regional <em>Cheese</em>",
								"matchLevel": "full",
								"fullyHighlighted": false,
								"matchedWords": [
									"cheese"
								]
							}
						},
						"LIFESTYLES": [
							{
								"value": "Suitable for Vegetarians",
								"matchLevel": "none",
								"matchedWords": []
							}
						]
					}
				},
				{
					"ID": "1000008932550",
					"STATUS": "A",
					"PHARMACY_RESTRICTED": false,
					"CIN": "5915739",
					"START_DATE": 1560254400.0,
					"END_DATE": 1924948800.0,
					"NAME": "Extra Creamy Brie Cheese",
					"CS_YES": false,
					"SHOW_PRICE_CS": true,
					"SALES_TYPE": "Each",
					"IMAGE_ID": "5711953070266",
					"BRAND": "Castello",
					"IS_BWS": false,
					"IS_FROZEN": false,
					"IS_SPONSORED": false,
					"PRICES": {
						"EN": {
							"OFFER": "List",
							"PRICE": 2.62,
							"PRICEPERUOM": 13.1,
							"PRICEPERUOMFORMATTED": "£13.10/KG"
						}
					},
					"PRIMARY_TAXONOMY": {
						"CAT_ID": "1215660378320",
						"CAT_NAME": "Chilled Food",
						"DEPT_ID": "1215341805721",
						"DEPT_NAME": "Cheese",
						"AISLE_ID": "1215341806015",
						"AISLE_NAME": "Continental Cheese",
						"SHELF_ID": "1215341830339",
						"SHELF_NAME": "Brie & Camembert"
					},
					"IS_FTO": false,
					"PRODUCT_TYPE": "STANDARD",
					"AVG_RATING": 4.7528,
					"RATING_COUNT": 178.0,
					"PACK_SIZE": "200G",
					"STOCK": {
						"4565": 999
					},
					"MAX_QTY": 10,
					"objectID": "5915739",
					"_highlightResult": {
						"ID": {
							"value": "1000008932550",
							"matchLevel": "none",
							"matchedWords": []
						},
						"CIN": {
							"value": "5915739",
							"matchLevel": "none",
							"matchedWords": []
						},
						"NAME": {
							"value": "Extra Creamy Brie <em>Cheese</em>",
							"matchLevel": "full",
							"fullyHighlighted": false,
							"matchedWords": [
								"cheese"
							]
						},
						"KEYWORDS": {
							"value": "Stilton,<em>Cheese</em> board,tickled pink,<em>Cheese</em> selection,Danish Blue,Continental <em>Cheese</em>,<em>Cheese</em> Sauce,Crackers",
							"matchLevel": "full",
							"fullyHighlighted": false,
							"matchedWords": [
								"cheese"
							]
						},
						"BRAND": {
							"value": "Castello",
							"matchLevel": "none",
							"matchedWords": []
						},
						"PRIMARY_TAXONOMY": {
							"AISLE_NAME": {
								"value": "Continental <em>Cheese</em>",
								"matchLevel": "full",
								"fullyHighlighted": false,
								"matchedWords": [
									"cheese"
								]
							},
							"SHELF_NAME": {
								"value": "Brie & Camembert",
								"matchLevel": "none",
								"matchedWords": []
							}
						}
					}
				},
				{
					"ID": "910000328893",
					"STATUS": "A",
					"PHARMACY_RESTRICTED": false,
					"CIN": "3364858",
					"START_DATE": -2208945600.0,
					"END_DATE": 1924948800.0,
					"NAME": "Mature Lighter Cheese",
					"CS_YES": false,
					"SHOW_PRICE_CS": true,
					"SALES_TYPE": "Each",
					"IMAGE_ID": "5000295141612",
					"BRAND": "Cathedral City",
					"IS_BWS": false,
					"IS_FROZEN": false,
					"IS_SPONSORED": false,
					"PRICES": {
						"EN": {
							"OFFER": "Rollback",
							"PRICE": 2.93,
							"WASPRICE": 3.58,
							"PRICEPERUOM": 8.37143,
							"PRICEPERUOMFORMATTED": "£8.37/KG"
						}
					},
					"PRIMARY_TAXONOMY": {
						"CAT_ID": "1215660378320",
						"CAT_NAME": "Chilled Food",
						"DEPT_ID": "1215341805721",
						"DEPT_NAME": "Cheese",
						"AISLE_ID": "1215685771343",
						"AISLE_NAME": "Lower Fat Cheese",
						"SHELF_ID": "1215624110531",
						"SHELF_NAME": "Lower Fat Cheese"
					},
					"IS_FTO": false,
					"PRODUCT_TYPE": "STANDARD",
					"AVG_RATING": 4.6535,
					"RATING_COUNT": 202.0,
					"ICONS": [
						{
							"ID": "55000003",
							"ICON_NAME": "_151_UnionFlag",
							"CLICKABLE": false,
							"IMAGE_URL": "https://ui.assets-asda.comtest.jpg",
							"START_DATE": 1594728000,
							"END_DATE": 1600171200,
							"PRIORITY": 10427.0
						},
						{
							"ID": "55200006",
							"ICON_NAME": "_008_RedTractorAUTO",
							"CLICKABLE": true,
							"IMAGE_URL": "https://ui.assets-asda.com/dm/_008_redtractor?&$icon-wapp$",
							"START_DATE": 1609329600,
							"END_DATE": 1682510400,
							"PRIORITY": 5354.0
						}
					],
					"PACK_SIZE": "350G",
					"STOCK": {
						"4565": 999
					},
					"MAX_QTY": 10,
					"objectID": "3364858",
					"_highlightResult": {
						"ID": {
							"value": "910000328893",
							"matchLevel": "none",
							"matchedWords": []
						},
						"CIN": {
							"value": "3364858",
							"matchLevel": "none",
							"matchedWords": []
						},
						"NAME": {
							"value": "Mature Lighter <em>Cheese</em>",
							"matchLevel": "full",
							"fullyHighlighted": false,
							"matchedWords": [
								"cheese"
							]
						},
						"KEYWORDS": {
							"value": "cheddar,low fat <em>cheese</em>",
							"matchLevel": "full",
							"fullyHighlighted": false,
							"matchedWords": [
								"cheese"
							]
						},
						"BRAND": {
							"value": "Cathedral City",
							"matchLevel": "none",
							"matchedWords": []
						},
						"PRIMARY_TAXONOMY": {
							"AISLE_NAME": {
								"value": "Lower Fat <em>Cheese</em>",
								"matchLevel": "full",
								"fullyHighlighted": false,
								"matchedWords": [
									"cheese"
								]
							},
							"SHELF_NAME": {
								"value": "Lower Fat <em>Cheese</em>",
								"matchLevel": "full",
								"fullyHighlighted": false,
								"matchedWords": [
									"cheese"
								]
							}
						},
						"LIFESTYLES": [
							{
								"value": "Suitable for Vegetarians",
								"matchLevel": "none",
								"matchedWords": []
							}
						]
					}
				},
				{
					"ID": "1000005207679",
					"STATUS": "A",
					"PHARMACY_RESTRICTED": false,
					"CIN": "5880250",
					"START_DATE": -2208945600.0,
					"END_DATE": 1924948800.0,
					"NAME": "Vanilla Ice Cream",
					"CS_YES": false,
					"SHOW_PRICE_CS": true,
					"SALES_TYPE": "Each",
					"IMAGE_ID": "8000920200025",
					"BRAND": "Viennetta",
					"IS_BWS": false,
					"IS_FROZEN": true,
					"IS_SPONSORED": false,
					"PRICES": {
						"EN": {
							"OFFER": "List",
							"PRICE": 2.0,
							"PRICEPERUOM": 0.30769,
							"PRICEPERUOMFORMATTED": "30.8p/100ML"
						}
					},
					"PRIMARY_TAXONOMY": {
						"CAT_ID": "1215338621416",
						"CAT_NAME": "Frozen Food",
						"DEPT_ID": "1215338621511",
						"DEPT_NAME": "Frozen Desserts & Pastry",
						"AISLE_ID": "1215685961770",
						"AISLE_NAME": "Frozen Party & Ice Cream Desserts",
						"SHELF_ID": "1215339371827",
						"SHELF_NAME": "Frozen Party & Ice Cream Desserts"
					},
					"IS_FTO": false,
					"PRODUCT_TYPE": "STANDARD",
					"AVG_RATING": 4.6818,
					"RATING_COUNT": 110.0,
					"ICONS": [
						{
							"ID": "45200003",
							"ICON_NAME": "Serves 6 - 7",
							"CLICKABLE": true,
							"IMAGE_URL": "https://ui.assets-asda.com/dm/icon_serves?$serves=6-7",
							"PRIORITY": 813.0
						},
						{
							"ID": "51000002",
							"ICON_NAME": "801_NoShellfish",
							"CLICKABLE": false,
							"IMAGE_URL": "https://ui.assets-asda.com/dm/_000_Icon?&$Icon-wapp$",
							"START_DATE": 1551700800,
							"END_DATE": 1551873600,
							"PRIORITY": 10440.0
						},
						{
							"ID": "1215429142097",
							"ICON_NAME": "Frozen",
							"CLICKABLE": true,
							"IMAGE_URL": "https://ui.assets-asda.com/dm/_046_frozen?",
							"PRIORITY": -2995.0
						}
					],
					"PACK_SIZE": "650ML",
					"STOCK": {
						"4565": 999
					},
					"MAX_QTY": 10,
					"objectID": "5880250",
					"_highlightResult": {
						"ID": {
							"value": "1000005207679",
							"matchLevel": "none",
							"matchedWords": []
						},
						"CIN": {
							"value": "5880250",
							"matchLevel": "none",
							"matchedWords": []
						},
						"NAME": {
							"value": "Vanilla Ice Cream",
							"matchLevel": "none",
							"matchedWords": []
						},
						"KEYWORDS": {
							"value": "get match ready",
							"matchLevel": "none",
							"matchedWords": []
						},
						"BRAND": {
							"value": "Viennetta",
							"matchLevel": "none",
							"matchedWords": []
						},
						"PRIMARY_TAXONOMY": {
							"AISLE_NAME": {
								"value": "Frozen Party & Ice Cream <em>Desserts</em>",
								"matchLevel": "full",
								"fullyHighlighted": false,
								"matchedWords": [
									"cheese"
								]
							},
							"SHELF_NAME": {
								"value": "Frozen Party & Ice Cream <em>Desserts</em>",
								"matchLevel": "full",
								"fullyHighlighted": false,
								"matchedWords": [
									"cheese"
								]
							}
						}
					}
				},
				{
					"ID": "1000383272619",
					"STATUS": "A",
					"PHARMACY_RESTRICTED": false,
					"CIN": "9227083",
					"START_DATE": 1737979200.0,
					"END_DATE": 1924948800.0,
					"NAME": "Light Cheese Slices 8 x 18.75g (150g)",
					"CS_YES": false,
					"SHOW_PRICE_CS": true,
					"SALES_TYPE": "Each",
					"IMAGE_ID": "7622202268625",
					"BRAND": "Dairylea",
					"IS_BWS": false,
					"IS_FROZEN": false,
					"IS_SPONSORED": false,
					"PRICES": {
						"EN": {
							"OFFER": "Dropped",
							"PRICE": 1.28,
							"WASPRICE": 1.7,
							"PRICEPERUOM": 8.53333,
							"PRICEPERUOMFORMATTED": "£8.53/KG"
						}
					},
					"PRIMARY_TAXONOMY": {
						"CAT_ID": "1215660378320",
						"CAT_NAME": "Chilled Food",
						"DEPT_ID": "1215341805721",
						"DEPT_NAME": "Cheese",
						"AISLE_ID": "1215341805815",
						"AISLE_NAME": "Grated & Sliced Cheese",
						"SHELF_ID": "1215341810182",
						"SHELF_NAME": "Cheese Slices"
					},
					"IS_FTO": false,
					"PRODUCT_TYPE": "STANDARD",
					"AVG_RATING": 4.6,
					"RATING_COUNT": 45.0,
					"PACK_SIZE": "150G",
					"STOCK": {
						"4565": 999
					},
					"MAX_QTY": 10,
					"objectID": "9227083",
					"_highlightResult": {
						"ID": {
							"value": "1000383272619",
							"matchLevel": "none",
							"matchedWords": []
						},
						"CIN": {
							"value": "9227083",
							"matchLevel": "none",
							"matchedWords": []
						},
						"NAME": {
							"value": "Light <em>Cheese</em> Slices 8 x 18.75g (150g)",
							"matchLevel": "full",
							"fullyHighlighted": false,
							"matchedWords": [
								"cheese"
							]
						},
						"BRAND": {
							"value": "Dairylea",
							"matchLevel": "none",
							"matchedWords": []
						},
						"PRIMARY_TAXONOMY": {
							"AISLE_NAME": {
								"value": "Grated & Sliced <em>Cheese</em>",
								"matchLevel": "full",
								"fullyHighlighted": false,
								"matchedWords": [
									"cheese"
								]
							},
							"SHELF_NAME": {
								"value": "<em>Cheese</em> Slices",
								"matchLevel": "full",
								"fullyHighlighted": false,
								"matchedWords": [
									"cheese"
								]
							}
						},
						"LIFESTYLES": [
							{
								"value": "Suitable for Vegetarians",
								"matchLevel": "none",
								"matchedWords": []
							}
						]
					}
				},
				{
					"ID": "77092331",
					"STATUS": "A",
					"PHARMACY_RESTRICTED": false,
					"CIN": "2502639",
					"START_DATE": 1482235200.0,
					"END_DATE": 1924948800.0,
					"NAME": "French Brie Cheese",
					"CS_YES": false,
					"SHOW_PRICE_CS": true,
					"SALES_TYPE": "Each",
					"IMAGE_ID": "3228020232028",
					"BRAND": "President",
					"IS_BWS": false,
					"IS_FROZEN": false,
					"IS_SPONSORED": false,
					"PRICES": {
						"EN": {
							"OFFER": "Dropped",
							"PRICE": 2.27,
							"WASPRICE": 2.85,
							"PRICEPERUOM": 11.35,
							"PRICEPERUOMFORMATTED": "£11.35/KG"
						}
					},
					"PRIMARY_TAXONOMY": {
						"CAT_ID": "1215660378320",
						"CAT_NAME": "Chilled Food",
						"DEPT_ID": "1215341805721",
						"DEPT_NAME": "Cheese",
						"AISLE_ID": "1215341806015",
						"AISLE_NAME": "Continental Cheese",
						"SHELF_ID": "1215341830339",
						"SHELF_NAME": "Brie & Camembert"
					},
					"IS_FTO": false,
					"PRODUCT_TYPE": "STANDARD",
					"AVG_RATING": 4.6111,
					"RATING_COUNT": 126.0,
					"PACK_SIZE": "200G",
					"STOCK": {
						"4565": 999
					},
					"MAX_QTY": 10,
					"objectID": "2502639",
					"_highlightResult": {
						"ID": {
							"value": "77092331",
							"matchLevel": "none",
							"matchedWords": []
						},
						"CIN": {
							"value": "2502639",
							"matchLevel": "none",
							"matchedWords": []
						},
						"NAME": {
							"value": "French Brie <em>Cheese</em>",
							"matchLevel": "full",
							"fullyHighlighted": false,
							"matchedWords": [
								"cheese"
							]
						},
						"KEYWORDS": {
							"value": "board",
							"matchLevel": "none",
							"matchedWords": []
						},
						"BRAND": {
							"value": "President",
							"matchLevel": "none",
							"matchedWords": []
						},
						"PRIMARY_TAXONOMY": {
							"AISLE_NAME": {
								"value": "Continental <em>Cheese</em>",
								"matchLevel": "full",
								"fullyHighlighted": false,
								"matchedWords": [
									"cheese"
								]
							},
							"SHELF_NAME": {
								"value": "Brie & Camembert",
								"matchLevel": "none",
								"matchedWords": []
							}
						},
						"LIFESTYLES": [
							{
								"value": "Suitable for Vegetarians",
								"matchLevel": "none",
								"matchedWords": []
							}
						]
					}
				},
				{
					"ID": "1000383271110",
					"STATUS": "A",
					"PHARMACY_RESTRICTED": false,
					"CIN": "9237336",
					"START_DATE": 1751976000.0,
					"END_DATE": 1924948800.0,
					"NAME": "10 Mild Cheddar Slices 200g",
					"CS_YES": false,
					"SHOW_PRICE_CS": true,
					"SALES_TYPE": "Each",
					"IMAGE_ID": "5063089868157",
					"BRAND": "JUST ESSENTIALS by ASDA",
					"IS_BWS": false,
					"IS_FROZEN": false,
					"IS_SPONSORED": false,
					"LABEL": "New",
					"LABEL_START_DATE": 1751673600.0,
					"LABEL_END_DATE": 1759449600.0,
					"PRICES": {
						"EN": {
							"OFFER": "List",
							"PRICE": 1.39,
							"PRICEPERUOM": 6.95,
							"PRICEPERUOMFORMATTED": "£6.95/KG"
						}
					},
					"PRIMARY_TAXONOMY": {
						"CAT_ID": "1215660378320",
						"CAT_NAME": "Chilled Food",
						"DEPT_ID": "1215341805721",
						"DEPT_NAME": "Cheese",
						"AISLE_ID": "1215341805765",
						"AISLE_NAME": "Cheddar & Regional Cheese",
						"SHELF_ID": "1215626750653",
						"SHELF_NAME": "Grated & Sliced Cheese"
					},
					"IS_FTO": false,
					"PRODUCT_TYPE": "STANDARD",
					"AVG_RATING": 0.0,
					"RATING_COUNT": 0.0,
					"ICONS": [
						{
							"ID": "55200006",
							"ICON_NAME": "_008_RedTractorAUTO",
							"CLICKABLE": true,
							"IMAGE_URL": "https://ui.assets-asda.com/dm/_008_redtractor?&$icon-wapp$",
							"START_DATE": 1609329600,
							"END_DATE": 1682510400,
							"PRIORITY": 5354.0
						}
					],
					"PACK_SIZE": "200g",
					"STOCK": {
						"4565": 999
					},
					"MAX_QTY": 10,
					"objectID": "9237336",
					"_highlightResult": {
						"ID": {
							"value": "1000383271110",
							"matchLevel": "none",
							"matchedWords": []
						},
						"CIN": {
							"value": "9237336",
							"matchLevel": "none",
							"matchedWords": []
						},
						"NAME": {
							"value": "10 Mild Cheddar Slices 200g",
							"matchLevel": "none",
							"matchedWords": []
						},
						"BRAND": {
							"value": "JUST ESSENTIALS by ASDA",
							"matchLevel": "none",
							"matchedWords": []
						},
						"PRIMARY_TAXONOMY": {
							"AISLE_NAME": {
								"value": "Cheddar & Regional <em>Cheese</em>",
								"matchLevel": "full",
								"fullyHighlighted": false,
								"matchedWords": [
									"cheese"
								]
							},
							"SHELF_NAME": {
								"value": "Grated & Sliced <em>Cheese</em>",
								"matchLevel": "full",
								"fullyHighlighted": false,
								"matchedWords": [
									"cheese"
								]
							}
						},
						"LIFESTYLES": [
							{
								"value": "Suitable for Vegetarians",
								"matchLevel": "none",
								"matchedWords": []
							}
						]
					}
				},
				{
					"ID": "910002379934",
					"STATUS": "A",
					"PHARMACY_RESTRICTED": false,
					"CIN": "5409962",
					"START_DATE": 1467028800.0,
					"END_DATE": 1924948800.0,
					"NAME": "Vintage Cheese Spread",
					"CS_YES": false,
					"SHOW_PRICE_CS": true,
					"SALES_TYPE": "Each",
					"IMAGE_ID": "5017838819211",
					"BRAND": "Seriously Spreadable",
					"IS_BWS": false,
					"IS_FROZEN": false,
					"IS_SPONSORED": false,
					"PRICES": {
						"EN": {
							"OFFER": "List",
							"PRICE": 1.38,
							"PRICEPERUOM": 11.04,
							"PRICEPERUOMFORMATTED": "£11.04/KG"
						}
					},
					"PRIMARY_TAXONOMY": {
						"CAT_ID": "1215660378320",
						"CAT_NAME": "Chilled Food",
						"DEPT_ID": "1215341805721",
						"DEPT_NAME": "Cheese",
						"AISLE_ID": "1215341805865",
						"AISLE_NAME": "Soft & Cottage Cheese",
						"SHELF_ID": "1215341810422",
						"SHELF_NAME": "Cheese Spreads"
					},
					"IS_FTO": false,
					"PRODUCT_TYPE": "STANDARD",
					"AVG_RATING": 4.5856,
					"RATING_COUNT": 181.0,
					"ICONS": [
						{
							"ID": "51000002",
							"ICON_NAME": "801_NoShellfish",
							"CLICKABLE": false,
							"IMAGE_URL": "https://ui.assets-asda.com/dm/_000_Icon?&$Icon-wapp$",
							"START_DATE": 1551700800,
							"END_DATE": 1551873600,
							"PRIORITY": 10440.0
						}
					],
					"PACK_SIZE": "125G",
					"STOCK": {
						"4565": 999
					},
					"MAX_QTY": 10,
					"objectID": "5409962",
					"_highlightResult": {
						"ID": {
							"value": "910002379934",
							"matchLevel": "none",
							"matchedWords": []
						},
						"CIN": {
							"value": "5409962",
							"matchLevel": "none",
							"matchedWords": []
						},
						"NAME": {
							"value": "Vintage <em>Cheese</em> Spread",
							"matchLevel": "full",
							"fullyHighlighted": false,
							"matchedWords": [
								"cheese"
							]
						},
						"KEYWORDS": {
							"value": "strong",
							"matchLevel": "none",
							"matchedWords": []
						},
						"BRAND": {
							"value": "Seriously Spreadable",
							"matchLevel": "none",
							"matchedWords": []
						},
						"PRIMARY_TAXONOMY": {
							"AISLE_NAME": {
								"value": "Soft & Cottage <em>Cheese</em>",
								"matchLevel": "full",
								"fullyHighlighted": false,
								"matchedWords": [
									"cheese"
								]
							},
							"SHELF_NAME": {
								"value": "<em>Cheese</em> Spreads",
								"matchLevel": "full",
								"fullyHighlighted": false,
								"matchedWords": [
									"cheese"
								]
							}
						},
						"LIFESTYLES": [
							{
								"value": "Suitable for Vegetarians",
								"matchLevel": "none",
								"matchedWords": []
							}
						]
					}
				},
				{
					"ID": "1000002366014",
					"STATUS": "A",
					"PHARMACY_RESTRICTED": false,
					"CIN": "5885535",
					"START_DATE": 1510660800.0,
					"END_DATE": 1760270400.0,
					"NAME": "12 Macaron Selection",
					"CS_YES": false,
					"SHOW_PRICE_CS": true,
					"SALES_TYPE": "Each",
					"IMAGE_ID": "5054781511120",
					"BRAND": "ASDA Extra Special",
					"IS_BWS": false,
					"IS_FROZEN": true,
					"IS_SPONSORED": false,
					"PRICES": {
						"EN": {
							"OFFER": "List",
							"PRICE": 3.54,
							"PRICEPERUOM": 2.68182,
							"PRICEPERUOMFORMATTED": "£2.68/100GR"
						}
					},
					"PRIMARY_TAXONOMY": {
						"CAT_ID": "1215338621416",
						"CAT_NAME": "Frozen Food",
						"DEPT_ID": "1215338621511",
						"DEPT_NAME": "Frozen Desserts & Pastry",
						"AISLE_ID": "1215685961770",
						"AISLE_NAME": "Frozen Party & Ice Cream Desserts",
						"SHELF_ID": "1215339371827",
						"SHELF_NAME": "Frozen Party & Ice Cream Desserts"
					},
					"IS_FTO": false,
					"PRODUCT_TYPE": "STANDARD",
					"AVG_RATING": 4.6423,
					"RATING_COUNT": 123.0,
					"ICONS": [
						{
							"ID": "51000002",
							"ICON_NAME": "801_NoShellfish",
							"CLICKABLE": false,
							"IMAGE_URL": "https://ui.assets-asda.com/dm/_000_Icon?&$Icon-wapp$",
							"START_DATE": 1551700800,
							"END_DATE": 1551873600,
							"PRIORITY": 10440.0
						},
						{
							"ID": "1215429142097",
							"ICON_NAME": "Frozen",
							"CLICKABLE": true,
							"IMAGE_URL": "https://ui.assets-asda.com/dm/_046_frozen?",
							"PRIORITY": -2995.0
						},
						{
							"ID": "1215429463059",
							"ICON_NAME": "Serves 12",
							"CLICKABLE": true,
							"IMAGE_URL": "https://ui.assets-asda.com/dm/icon_serves?$serves=12",
							"END_DATE": 1924948800,
							"PRIORITY": 946.0
						}
					],
					"PACK_SIZE": "132G",
					"STOCK": {
						"4565": 999
					},
					"MAX_QTY": 10,
					"objectID": "5885535",
					"_highlightResult": {
						"ID": {
							"value": "1000002366014",
							"matchLevel": "none",
							"matchedWords": []
						},
						"CIN": {
							"value": "5885535",
							"matchLevel": "none",
							"matchedWords": []
						},
						"NAME": {
							"value": "12 Macaron Selection",
							"matchLevel": "none",
							"matchedWords": []
						},
						"BRAND": {
							"value": "ASDA Extra Special",
							"matchLevel": "none",
							"matchedWords": []
						},
						"PRIMARY_TAXONOMY": {
							"AISLE_NAME": {
								"value": "Frozen Party & Ice Cream <em>Desserts</em>",
								"matchLevel": "full",
								"fullyHighlighted": false,
								"matchedWords": [
									"cheese"
								]
							},
							"SHELF_NAME": {
								"value": "Frozen Party & Ice Cream <em>Desserts</em>",
								"matchLevel": "full",
								"fullyHighlighted": false,
								"matchedWords": [
									"cheese"
								]
							}
						}
					}
				},
				{
					"ID": "1000118028743",
					"STATUS": "A",
					"PHARMACY_RESTRICTED": false,
					"CIN": "6350525",
					"START_DATE": 1554811200.0,
					"END_DATE": 1924948800.0,
					"NAME": "Milka 150g",
					"CS_YES": false,
					"SHOW_PRICE_CS": true,
					"SALES_TYPE": "Each",
					"IMAGE_ID": "7622210664990",
					"BRAND": "Philadelphia",
					"IS_BWS": false,
					"IS_FROZEN": false,
					"IS_SPONSORED": false,
					"PRICES": {
						"EN": {
							"OFFER": "Rollback",
							"PRICE": 1.28,
							"WASPRICE": 2.08,
							"PRICEPERUOM": 8.53333,
							"PRICEPERUOMFORMATTED": "£8.53/KG"
						}
					},
					"PRIMARY_TAXONOMY": {
						"CAT_ID": "1215660378320",
						"CAT_NAME": "Chilled Food",
						"DEPT_ID": "1215341805721",
						"DEPT_NAME": "Cheese",
						"AISLE_ID": "1215341805865",
						"AISLE_NAME": "Soft & Cottage Cheese",
						"SHELF_ID": "1215341810303",
						"SHELF_NAME": "Soft Cheese"
					},
					"IS_FTO": false,
					"PRODUCT_TYPE": "STANDARD",
					"AVG_RATING": 4.8444,
					"RATING_COUNT": 45.0,
					"PACK_SIZE": "150G",
					"STOCK": {
						"4565": 999
					},
					"MAX_QTY": 10,
					"objectID": "6350525",
					"_highlightResult": {
						"ID": {
							"value": "1000118028743",
							"matchLevel": "none",
							"matchedWords": []
						},
						"CIN": {
							"value": "6350525",
							"matchLevel": "none",
							"matchedWords": []
						},
						"NAME": {
							"value": "Milka 150g",
							"matchLevel": "none",
							"matchedWords": []
						},
						"BRAND": {
							"value": "Philadelphia",
							"matchLevel": "none",
							"matchedWords": []
						},
						"PRIMARY_TAXONOMY": {
							"AISLE_NAME": {
								"value": "Soft & Cottage <em>Cheese</em>",
								"matchLevel": "full",
								"fullyHighlighted": false,
								"matchedWords": [
									"cheese"
								]
							},
							"SHELF_NAME": {
								"value": "Soft <em>Cheese</em>",
								"matchLevel": "full",
								"fullyHighlighted": false,
								"matchedWords": [
									"cheese"
								]
							}
						},
						"LIFESTYLES": [
							{
								"value": "Suitable for Vegetarians",
								"matchLevel": "none",
								"matchedWords": []
							}
						]
					}
				},
				{
					"ID": "465888",
					"STATUS": "A",
					"PHARMACY_RESTRICTED": false,
					"CIN": "932662",
					"START_DATE": -2208945600.0,
					"END_DATE": 1924948800.0,
					"NAME": "Mini Original Cheese 12 x 20g (240g)",
					"CS_YES": false,
					"SHOW_PRICE_CS": true,
					"SALES_TYPE": "Each",
					"IMAGE_ID": "3073780225960",
					"BRAND": "Mini Babybel",
					"IS_BWS": false,
					"IS_FROZEN": false,
					"IS_SPONSORED": false,
					"PRICES": {
						"EN": {
							"OFFER": "Dropped",
							"PRICE": 2.73,
							"WASPRICE": 3.55,
							"PRICEPERUOM": 11.375,
							"PRICEPERUOMFORMATTED": "£11.38/KG"
						}
					},
					"PRIMARY_TAXONOMY": {
						"CAT_ID": "1215660378320",
						"CAT_NAME": "Chilled Food",
						"DEPT_ID": "1215341805721",
						"DEPT_NAME": "Cheese",
						"AISLE_ID": "1215341805914",
						"AISLE_NAME": "Cheese Snacks & Lunchbox",
						"SHELF_ID": "1215341830101",
						"SHELF_NAME": "Cheese Snacking"
					},
					"IS_FTO": false,
					"PRODUCT_TYPE": "STANDARD",
					"AVG_RATING": 4.5596,
					"RATING_COUNT": 109.0,
					"ICONS": [
						{
							"ID": "51000002",
							"ICON_NAME": "801_NoShellfish",
							"CLICKABLE": false,
							"IMAGE_URL": "https://ui.assets-asda.com/dm/_000_Icon?&$Icon-wapp$",
							"START_DATE": 1551700800,
							"END_DATE": 1551873600,
							"PRIORITY": 10440.0
						}
					],
					"PACK_SIZE": "240G",
					"STOCK": {
						"4565": 999
					},
					"MAX_QTY": 10,
					"objectID": "932662",
					"_highlightResult": {
						"ID": {
							"value": "465888",
							"matchLevel": "none",
							"matchedWords": []
						},
						"CIN": {
							"value": "932662",
							"matchLevel": "none",
							"matchedWords": []
						},
						"NAME": {
							"value": "Mini Original <em>Cheese</em> 12 x 20g (240g)",
							"matchLevel": "full",
							"fullyHighlighted": false,
							"matchedWords": [
								"cheese"
							]
						},
						"KEYWORDS": {
							"value": "picnic,kids snacks,snacks,packed lunch,pack lunch",
							"matchLevel": "none",
							"matchedWords": []
						},
						"BRAND": {
							"value": "Mini Babybel",
							"matchLevel": "none",
							"matchedWords": []
						},
						"PRIMARY_TAXONOMY": {
							"AISLE_NAME": {
								"value": "<em>Cheese</em> Snacks & Lunchbox",
								"matchLevel": "full",
								"fullyHighlighted": false,
								"matchedWords": [
									"cheese"
								]
							},
							"SHELF_NAME": {
								"value": "<em>Cheese</em> Snacking",
								"matchLevel": "full",
								"fullyHighlighted": false,
								"matchedWords": [
									"cheese"
								]
							}
						},
						"LIFESTYLES": [
							{
								"value": "Suitable for Vegetarians",
								"matchLevel": "none",
								"matchedWords": []
							}
						]
					}
				},
				{
					"ID": "1000321309809",
					"STATUS": "A",
					"PHARMACY_RESTRICTED": false,
					"CIN": "7148107",
					"START_DATE": 1634644800.0,
					"END_DATE": 1924948800.0,
					"NAME": "Original Cheese",
					"CS_YES": false,
					"SHOW_PRICE_CS": true,
					"SALES_TYPE": "Each",
					"IMAGE_ID": "5016049086047",
					"BRAND": "Primula",
					"IS_BWS": false,
					"IS_FROZEN": false,
					"IS_SPONSORED": false,
					"PRICES": {
						"EN": {
							"OFFER": "Rollback",
							"PRICE": 1.34,
							"WASPRICE": 1.84,
							"PRICEPERUOM": 9.57143,
							"PRICEPERUOMFORMATTED": "£9.57/KG"
						}
					},
					"PRIMARY_TAXONOMY": {
						"CAT_ID": "1215660378320",
						"CAT_NAME": "Chilled Food",
						"DEPT_ID": "1215341805721",
						"DEPT_NAME": "Cheese",
						"AISLE_ID": "1215341805865",
						"AISLE_NAME": "Soft & Cottage Cheese",
						"SHELF_ID": "1215341810422",
						"SHELF_NAME": "Cheese Spreads"
					},
					"IS_FTO": false,
					"PRODUCT_TYPE": "STANDARD",
					"AVG_RATING": 4.5926,
					"RATING_COUNT": 54.0,
					"ICONS": [
						{
							"ID": "51000002",
							"ICON_NAME": "801_NoShellfish",
							"CLICKABLE": false,
							"IMAGE_URL": "https://ui.assets-asda.com/dm/_000_Icon?&$Icon-wapp$",
							"START_DATE": 1551700800,
							"END_DATE": 1551873600,
							"PRIORITY": 10440.0
						}
					],
					"PACK_SIZE": "140G",
					"STOCK": {
						"4565": 999
					},
					"MAX_QTY": 10,
					"objectID": "7148107",
					"_highlightResult": {
						"ID": {
							"value": "1000321309809",
							"matchLevel": "none",
							"matchedWords": []
						},
						"CIN": {
							"value": "7148107",
							"matchLevel": "none",
							"matchedWords": []
						},
						"NAME": {
							"value": "Original <em>Cheese</em>",
							"matchLevel": "full",
							"fullyHighlighted": false,
							"matchedWords": [
								"cheese"
							]
						},
						"BRAND": {
							"value": "Primula",
							"matchLevel": "none",
							"matchedWords": []
						},
						"PRIMARY_TAXONOMY": {
							"AISLE_NAME": {
								"value": "Soft & Cottage <em>Cheese</em>",
								"matchLevel": "full",
								"fullyHighlighted": false,
								"matchedWords": [
									"cheese"
								]
							},
							"SHELF_NAME": {
								"value": "<em>Cheese</em> Spreads",
								"matchLevel": "full",
								"fullyHighlighted": false,
								"matchedWords": [
									"cheese"
								]
							}
						},
						"LIFESTYLES": [
							{
								"value": "Gluten free",
								"matchLevel": "none",
								"matchedWords": []
							},
							{
								"value": "Suitable for Vegetarians",
								"matchLevel": "none",
								"matchedWords": []
							}
						]
					}
				},
				{
					"ID": "910001440140",
					"STATUS": "A",
					"PHARMACY_RESTRICTED": false,
					"CIN": "4767740",
					"START_DATE": -2208945600.0,
					"END_DATE": 1924948800.0,
					"NAME": "Cheese Spread",
					"CS_YES": false,
					"SHOW_PRICE_CS": true,
					"SALES_TYPE": "Each",
					"IMAGE_ID": "7622210318985",
					"BRAND": "Dairylea",
					"IS_BWS": false,
					"IS_FROZEN": false,
					"IS_SPONSORED": false,
					"PRICES": {
						"EN": {
							"OFFER": "List",
							"PRICE": 2.37,
							"PRICEPERUOM": 8.77778,
							"PRICEPERUOMFORMATTED": "£8.78/KG"
						}
					},
					"PRIMARY_TAXONOMY": {
						"CAT_ID": "1215660378320",
						"CAT_NAME": "Chilled Food",
						"DEPT_ID": "1215341805721",
						"DEPT_NAME": "Cheese",
						"AISLE_ID": "1215341805865",
						"AISLE_NAME": "Soft & Cottage Cheese",
						"SHELF_ID": "1215341810422",
						"SHELF_NAME": "Cheese Spreads"
					},
					"IS_FTO": false,
					"PRODUCT_TYPE": "STANDARD",
					"AVG_RATING": 4.7343,
					"RATING_COUNT": 143.0,
					"PACK_SIZE": "270G",
					"STOCK": {
						"4565": 999
					},
					"MAX_QTY": 10,
					"objectID": "4767740",
					"_highlightResult": {
						"ID": {
							"value": "910001440140",
							"matchLevel": "none",
							"matchedWords": []
						},
						"CIN": {
							"value": "4767740",
							"matchLevel": "none",
							"matchedWords": []
						},
						"NAME": {
							"value": "<em>Cheese</em> Spread",
							"matchLevel": "full",
							"fullyHighlighted": false,
							"matchedWords": [
								"cheese"
							]
						},
						"KEYWORDS": {
							"value": "packed lunch,pack lunch",
							"matchLevel": "none",
							"matchedWords": []
						},
						"BRAND": {
							"value": "Dairylea",
							"matchLevel": "none",
							"matchedWords": []
						},
						"PRIMARY_TAXONOMY": {
							"AISLE_NAME": {
								"value": "Soft & Cottage <em>Cheese</em>",
								"matchLevel": "full",
								"fullyHighlighted": false,
								"matchedWords": [
									"cheese"
								]
							},
							"SHELF_NAME": {
								"value": "<em>Cheese</em> Spreads",
								"matchLevel": "full",
								"fullyHighlighted": false,
								"matchedWords": [
									"cheese"
								]
							}
						},
						"LIFESTYLES": [
							{
								"value": "Suitable for Vegetarians",
								"matchLevel": "none",
								"matchedWords": []
							}
						]
					}
				},
				{
					"ID": "1000383199787",
					"STATUS": "A",
					"PHARMACY_RESTRICTED": false,
					"CIN": "9032674",
					"START_DATE": 1690459200.0,
					"END_DATE": 1924948800.0,
					"NAME": "Mature Cheddar 6 x 20g",
					"CS_YES": false,
					"SHOW_PRICE_CS": true,
					"SALES_TYPE": "Each",
					"IMAGE_ID": "5000295147829",
					"BRAND": "Cathedral City",
					"IS_BWS": false,
					"IS_FROZEN": false,
					"IS_SPONSORED": false,
					"PRICES": {
						"EN": {
							"OFFER": "Dropped",
							"PRICE": 1.78,
							"WASPRICE": 2.1,
							"PRICEPERUOM": 14.83333,
							"PRICEPERUOMFORMATTED": "£14.83/KG"
						}
					},
					"PRIMARY_TAXONOMY": {
						"CAT_ID": "1215660378320",
						"CAT_NAME": "Chilled Food",
						"DEPT_ID": "1215341805721",
						"DEPT_NAME": "Cheese",
						"AISLE_ID": "1215341805914",
						"AISLE_NAME": "Cheese Snacks & Lunchbox",
						"SHELF_ID": "1215341830101",
						"SHELF_NAME": "Cheese Snacking"
					},
					"IS_FTO": false,
					"PRODUCT_TYPE": "STANDARD",
					"AVG_RATING": 4.7619,
					"RATING_COUNT": 21.0,
					"PACK_SIZE": "6X20G",
					"STOCK": {
						"4565": 999
					},
					"MAX_QTY": 10,
					"objectID": "9032674",
					"_highlightResult": {
						"ID": {
							"value": "1000383199787",
							"matchLevel": "none",
							"matchedWords": []
						},
						"CIN": {
							"value": "9032674",
							"matchLevel": "none",
							"matchedWords": []
						},
						"NAME": {
							"value": "Mature Cheddar 6 x 20g",
							"matchLevel": "none",
							"matchedWords": []
						},
						"KEYWORDS": {
							"value": "low fat <em>cheese</em>,cathedral city minis,mini cathedral city,mini <em>cheese</em>,snack <em>cheese</em>,<em>cheese</em> snacks",
							"matchLevel": "full",
							"fullyHighlighted": false,
							"matchedWords": [
								"cheese"
							]
						},
						"BRAND": {
							"value": "Cathedral City",
							"matchLevel": "none",
							"matchedWords": []
						},
						"PRIMARY_TAXONOMY": {
							"AISLE_NAME": {
								"value": "<em>Cheese</em> Snacks & Lunchbox",
								"matchLevel": "full",
								"fullyHighlighted": false,
								"matchedWords": [
									"cheese"
								]
							},
							"SHELF_NAME": {
								"value": "<em>Cheese</em> Snacking",
								"matchLevel": "full",
								"fullyHighlighted": false,
								"matchedWords": [
									"cheese"
								]
							}
						},
						"LIFESTYLES": [
							{
								"value": "Suitable for Vegetarians",
								"matchLevel": "none",
								"matchedWords": []
							}
						]
					}
				},
				{
					"ID": "910000568204",
					"STATUS": "A",
					"PHARMACY_RESTRICTED": false,
					"CIN": "3894304",
					"START_DATE": -2208945600.0,
					"END_DATE": 1924948800.0,
					"NAME": "Grated Hard Cheese 80g",
					"CS_YES": false,
					"SHOW_PRICE_CS": true,
					"SALES_TYPE": "Each",
					"IMAGE_ID": "5052449516029",
					"BRAND": "ASDA",
					"IS_BWS": false,
					"IS_FROZEN": false,
					"IS_SPONSORED": false,
					"PRICES": {
						"EN": {
							"OFFER": "List",
							"PRICE": 1.25,
							"PRICEPERUOM": 1.5625,
							"PRICEPERUOMFORMATTED": "£1.56/100GR"
						}
					},
					"PRIMARY_TAXONOMY": {
						"CAT_ID": "1215337189632",
						"CAT_NAME": "Food Cupboard",
						"DEPT_ID": "1215165877786",
						"DEPT_NAME": "Cooking Sauces, Meal Kits & Sides",
						"AISLE_ID": "1215664037798",
						"AISLE_NAME": "Italian Sauces & Ingredients",
						"SHELF_ID": "1215685011129",
						"SHELF_NAME": "White & Cheese Sauces"
					},
					"IS_FTO": false,
					"PRODUCT_TYPE": "STANDARD",
					"AVG_RATING": 3.7614,
					"RATING_COUNT": 88.0,
					"ICONS": [
						{
							"ID": "51000002",
							"ICON_NAME": "801_NoShellfish",
							"CLICKABLE": false,
							"IMAGE_URL": "https://ui.assets-asda.com/dm/_000_Icon?&$Icon-wapp$",
							"START_DATE": 1551700800,
							"END_DATE": 1551873600,
							"PRIORITY": 10440.0
						}
					],
					"PACK_SIZE": "80G",
					"STOCK": {
						"4565": 999
					},
					"MAX_QTY": 10,
					"objectID": "3894304",
					"_highlightResult": {
						"ID": {
							"value": "910000568204",
							"matchLevel": "none",
							"matchedWords": []
						},
						"CIN": {
							"value": "3894304",
							"matchLevel": "none",
							"matchedWords": []
						},
						"NAME": {
							"value": "Grated Hard <em>Cheese</em> 80g",
							"matchLevel": "full",
							"fullyHighlighted": false,
							"matchedWords": [
								"cheese"
							]
						},
						"BRAND": {
							"value": "ASDA",
							"matchLevel": "none",
							"matchedWords": []
						},
						"PRIMARY_TAXONOMY": {
							"AISLE_NAME": {
								"value": "Italian Sauces & Ingredients",
								"matchLevel": "none",
								"matchedWords": []
							},
							"SHELF_NAME": {
								"value": "White & <em>Cheese</em> Sauces",
								"matchLevel": "full",
								"fullyHighlighted": false,
								"matchedWords": [
									"cheese"
								]
							}
						}
					}
				},
				{
					"ID": "1000345488031",
					"STATUS": "A",
					"PHARMACY_RESTRICTED": false,
					"CIN": "7247773",
					"START_DATE": 1641297600.0,
					"END_DATE": 1924948800.0,
					"NAME": "Grated Parmigiano Reggiano Parmesan Cheese",
					"CS_YES": false,
					"SHOW_PRICE_CS": true,
					"SALES_TYPE": "Each",
					"IMAGE_ID": "5057172782116",
					"BRAND": "ASDA",
					"IS_BWS": false,
					"IS_FROZEN": false,
					"IS_SPONSORED": false,
					"PRICES": {
						"EN": {
							"OFFER": "List",
							"PRICE": 2.74,
							"PRICEPERUOM": 27.4,
							"PRICEPERUOMFORMATTED": "£27.40/KG"
						}
					},
					"PRIMARY_TAXONOMY": {
						"CAT_ID": "1215660378320",
						"CAT_NAME": "Chilled Food",
						"DEPT_ID": "1215341805721",
						"DEPT_NAME": "Cheese",
						"AISLE_ID": "1215341806015",
						"AISLE_NAME": "Continental Cheese",
						"SHELF_ID": "1215627294585",
						"SHELF_NAME": "Parmesan & Hard Cheese"
					},
					"IS_FTO": false,
					"PRODUCT_TYPE": "STANDARD",
					"AVG_RATING": 4.5493,
					"RATING_COUNT": 71.0,
					"ICONS": [
						{
							"ID": "51000002",
							"ICON_NAME": "801_NoShellfish",
							"CLICKABLE": false,
							"IMAGE_URL": "https://ui.assets-asda.com/dm/_000_Icon?&$Icon-wapp$",
							"START_DATE": 1551700800,
							"END_DATE": 1551873600,
							"PRIORITY": 10440.0
						},
						{
							"ID": "59600445",
							"ICON_NAME": "M&S Taste Match",
							"CLICKABLE": true,
							"IMAGE_URL": "https://ui.assets-asda.com/dm/M-S-Taste-Match-Icon?",
							"START_DATE": 1695643200,
							"END_DATE": 1725019200,
							"PRIORITY": 70.0
						}
					],
					"PACK_SIZE": "100G",
					"STOCK": {
						"4565": 999
					},
					"MAX_QTY": 10,
					"objectID": "7247773",
					"_highlightResult": {
						"ID": {
							"value": "1000345488031",
							"matchLevel": "none",
							"matchedWords": []
						},
						"CIN": {
							"value": "7247773",
							"matchLevel": "none",
							"matchedWords": []
						},
						"NAME": {
							"value": "Grated Parmigiano Reggiano Parmesan <em>Cheese</em>",
							"matchLevel": "full",
							"fullyHighlighted": false,
							"matchedWords": [
								"cheese"
							]
						},
						"KEYWORDS": {
							"value": "M&S taste match,taste match,M&S Taste match,taste match",
							"matchLevel": "none",
							"matchedWords": []
						},
						"BRAND": {
							"value": "ASDA",
							"matchLevel": "none",
							"matchedWords": []
						},
						"PRIMARY_TAXONOMY": {
							"AISLE_NAME": {
								"value": "Continental <em>Cheese</em>",
								"matchLevel": "full",
								"fullyHighlighted": false,
								"matchedWords": [
									"cheese"
								]
							},
							"SHELF_NAME": {
								"value": "Parmesan & Hard <em>Cheese</em>",
								"matchLevel": "full",
								"fullyHighlighted": false,
								"matchedWords": [
									"cheese"
								]
							}
						}
					}
				},
				{
					"ID": "1000383274211",
					"STATUS": "A",
					"PHARMACY_RESTRICTED": false,
					"CIN": "9227119",
					"START_DATE": 1752840000.0,
					"END_DATE": 1924948800.0,
					"NAME": "Mozzarella 210g",
					"CS_YES": false,
					"SHOW_PRICE_CS": true,
					"SALES_TYPE": "Each",
					"IMAGE_ID": "5063089868102",
					"BRAND": "JUST ESSENTIALS by ASDA",
					"IS_BWS": false,
					"IS_FROZEN": false,
					"IS_SPONSORED": false,
					"LABEL": "New",
					"LABEL_START_DATE": 1751673600.0,
					"LABEL_END_DATE": 1759449600.0,
					"PRICES": {
						"EN": {
							"OFFER": "List",
							"PRICE": 0.69,
							"PRICEPERUOM": 0.552,
							"PRICEPERUOMFORMATTED": "55.2p/100GR"
						}
					},
					"PRIMARY_TAXONOMY": {
						"CAT_ID": "1215660378320",
						"CAT_NAME": "Chilled Food",
						"DEPT_ID": "1215341805721",
						"DEPT_NAME": "Cheese",
						"AISLE_ID": "1215341806015",
						"AISLE_NAME": "Continental Cheese",
						"SHELF_ID": "1215341830518",
						"SHELF_NAME": "Mozzarella & Mascarpone"
					},
					"IS_FTO": false,
					"PRODUCT_TYPE": "STANDARD",
					"AVG_RATING": 0.0,
					"RATING_COUNT": 0.0,
					"PACK_SIZE": "125g",
					"STOCK": {
						"4565": 999
					},
					"MAX_QTY": 10,
					"objectID": "9227119",
					"_highlightResult": {
						"ID": {
							"value": "1000383274211",
							"matchLevel": "none",
							"matchedWords": []
						},
						"CIN": {
							"value": "9227119",
							"matchLevel": "none",
							"matchedWords": []
						},
						"NAME": {
							"value": "Mozzarella 210g",
							"matchLevel": "none",
							"matchedWords": []
						},
						"BRAND": {
							"value": "JUST ESSENTIALS by ASDA",
							"matchLevel": "none",
							"matchedWords": []
						},
						"PRIMARY_TAXONOMY": {
							"AISLE_NAME": {
								"value": "Continental <em>Cheese</em>",
								"matchLevel": "full",
								"fullyHighlighted": false,
								"matchedWords": [
									"cheese"
								]
							},
							"SHELF_NAME": {
								"value": "Mozzarella & Mascarpone",
								"matchLevel": "none",
								"matchedWords": []
							}
						},
						"LIFESTYLES": [
							{
								"value": "Suitable for Vegetarians",
								"matchLevel": "none",
								"matchedWords": []
							}
						]
					}
				},
				{
					"ID": "1000242609329",
					"STATUS": "A",
					"PHARMACY_RESTRICTED": false,
					"CIN": "6793882",
					"START_DATE": 1603195200.0,
					"END_DATE": 1924948800.0,
					"NAME": "British Half Fat Mature Cheddar 400g",
					"CS_YES": false,
					"SHOW_PRICE_CS": true,
					"SALES_TYPE": "Each",
					"IMAGE_ID": "5057172404537",
					"BRAND": "ASDA",
					"IS_BWS": false,
					"IS_FROZEN": false,
					"IS_SPONSORED": false,
					"PRICES": {
						"EN": {
							"OFFER": "List",
							"PRICE": 3.24,
							"PRICEPERUOM": 8.1,
							"PRICEPERUOMFORMATTED": "£8.10/KG"
						}
					},
					"PRIMARY_TAXONOMY": {
						"CAT_ID": "1215660378320",
						"CAT_NAME": "Chilled Food",
						"DEPT_ID": "1215341805721",
						"DEPT_NAME": "Cheese",
						"AISLE_ID": "1215685771343",
						"AISLE_NAME": "Lower Fat Cheese",
						"SHELF_ID": "1215624110531",
						"SHELF_NAME": "Lower Fat Cheese"
					},
					"IS_FTO": false,
					"PRODUCT_TYPE": "STANDARD",
					"AVG_RATING": 4.3228,
					"RATING_COUNT": 127.0,
					"ICONS": [
						{
							"ID": "51000002",
							"ICON_NAME": "801_NoShellfish",
							"CLICKABLE": false,
							"IMAGE_URL": "https://ui.assets-asda.com/dm/_000_Icon?&$Icon-wapp$",
							"START_DATE": 1551700800,
							"END_DATE": 1551873600,
							"PRIORITY": 10440.0
						},
						{
							"ID": "55200006",
							"ICON_NAME": "_008_RedTractorAUTO",
							"CLICKABLE": true,
							"IMAGE_URL": "https://ui.assets-asda.com/dm/_008_redtractor?&$icon-wapp$",
							"START_DATE": 1609329600,
							"END_DATE": 1682510400,
							"PRIORITY": 5354.0
						},
						{
							"ID": "59600427",
							"ICON_NAME": "International Cheese & Dairy Awards Silver Award Winner 2023",
							"CLICKABLE": true,
							"IMAGE_URL": "https://ui.assets-asda.com/dm/_927_silvercheesedairyawards23?",
							"START_DATE": 1690545600,
							"END_DATE": 1911470400,
							"PRIORITY": 187.0
						},
						{
							"ID": "1215429129918",
							"ICON_NAME": "_043_British",
							"CLICKABLE": true,
							"IMAGE_URL": "https://ui.assets-asda.com/dm/_043_british?",
							"END_DATE": 1682510400,
							"PRIORITY": 5435.0
						},
						{
							"ID": "1215559958453",
							"ICON_NAME": "_122_farmerowned",
							"CLICKABLE": true,
							"IMAGE_URL": "https://ui.assets-asda.com/dm/_122_farmerowned?",
							"END_DATE": 1682510400,
							"PRIORITY": 1562.0
						}
					],
					"PACK_SIZE": "400G",
					"STOCK": {
						"4565": 999
					},
					"MAX_QTY": 10,
					"objectID": "6793882",
					"_highlightResult": {
						"ID": {
							"value": "1000242609329",
							"matchLevel": "none",
							"matchedWords": []
						},
						"CIN": {
							"value": "6793882",
							"matchLevel": "none",
							"matchedWords": []
						},
						"NAME": {
							"value": "British Half Fat Mature Cheddar 400g",
							"matchLevel": "none",
							"matchedWords": []
						},
						"KEYWORDS": {
							"value": "low fat <em>cheese</em>",
							"matchLevel": "full",
							"fullyHighlighted": false,
							"matchedWords": [
								"cheese"
							]
						},
						"BRAND": {
							"value": "ASDA",
							"matchLevel": "none",
							"matchedWords": []
						},
						"PRIMARY_TAXONOMY": {
							"AISLE_NAME": {
								"value": "Lower Fat <em>Cheese</em>",
								"matchLevel": "full",
								"fullyHighlighted": false,
								"matchedWords": [
									"cheese"
								]
							},
							"SHELF_NAME": {
								"value": "Lower Fat <em>Cheese</em>",
								"matchLevel": "full",
								"fullyHighlighted": false,
								"matchedWords": [
									"cheese"
								]
							}
						},
						"LIFESTYLES": [
							{
								"value": "Suitable for Vegetarians",
								"matchLevel": "none",
								"matchedWords": []
							}
						]
					}
				},
				{
					"ID": "1000211461236",
					"STATUS": "A",
					"PHARMACY_RESTRICTED": false,
					"CIN": "6695772",
					"START_DATE": 1594728000.0,
					"END_DATE": 1924948800.0,
					"NAME": "Mixups White & Milk Chocolate Dessert",
					"CS_YES": false,
					"SHOW_PRICE_CS": true,
					"SALES_TYPE": "Each",
					"IMAGE_ID": "3023290038710",
					"BRAND": "Milkybar",
					"IS_BWS": false,
					"IS_FROZEN": false,
					"IS_SPONSORED": false,
					"PRICES": {
						"EN": {
							"OFFER": "Rollback",
							"PRICE": 1.74,
							"WASPRICE": 2.48,
							"PRICEPERUOM": 0.66923,
							"PRICEPERUOMFORMATTED": "66.9p/100GR"
						}
					},
					"PRIMARY_TAXONOMY": {
						"CAT_ID": "1215660378320",
						"CAT_NAME": "Chilled Food",
						"DEPT_ID": "1215341888021",
						"DEPT_NAME": "Yogurts & Desserts",
						"AISLE_ID": "910000975612",
						"AISLE_NAME": "Desserts",
						"SHELF_ID": "1215639170517",
						"SHELF_NAME": "Chocolate & Caramel Desserts"
					},
					"IS_FTO": false,
					"PRODUCT_TYPE": "STANDARD",
					"AVG_RATING": 4.1859,
					"RATING_COUNT": 199.0,
					"ICONS": [
						{
							"ID": "51000002",
							"ICON_NAME": "801_NoShellfish",
							"CLICKABLE": false,
							"IMAGE_URL": "https://ui.assets-asda.com/dm/_000_Icon?&$Icon-wapp$",
							"START_DATE": 1551700800,
							"END_DATE": 1551873600,
							"PRIORITY": 10440.0
						},
						{
							"ID": "55200007",
							"ICON_NAME": "Rainforest Alliance",
							"CLICKABLE": true,
							"IMAGE_URL": "https://ui.assets-asda.com/dm/Rainforest-Alliance-Seal-Icon?$Icon-wapp$&$Icon-wapp$&$Icon-wapp2x$",
							"PRIORITY": 540.0
						}
					],
					"PACK_SIZE": "4X65G",
					"STOCK": {
						"4565": 999
					},
					"MAX_QTY": 10,
					"objectID": "6695772",
					"_highlightResult": {
						"ID": {
							"value": "1000211461236",
							"matchLevel": "none",
							"matchedWords": []
						},
						"CIN": {
							"value": "6695772",
							"matchLevel": "none",
							"matchedWords": []
						},
						"NAME": {
							"value": "Mixups White & Milk Chocolate Dessert",
							"matchLevel": "none",
							"matchedWords": []
						},
						"BRAND": {
							"value": "Milkybar",
							"matchLevel": "none",
							"matchedWords": []
						},
						"PRIMARY_TAXONOMY": {
							"AISLE_NAME": {
								"value": "<em>Desserts</em>",
								"matchLevel": "full",
								"fullyHighlighted": true,
								"matchedWords": [
									"cheese"
								]
							},
							"SHELF_NAME": {
								"value": "Chocolate & Caramel <em>Desserts</em>",
								"matchLevel": "full",
								"fullyHighlighted": false,
								"matchedWords": [
									"cheese"
								]
							}
						}
					}
				},
				{
					"ID": "39070",
					"STATUS": "A",
					"PHARMACY_RESTRICTED": false,
					"CIN": "458466",
					"START_DATE": -2208945600.0,
					"END_DATE": 1924862400.0,
					"NAME": "Natural Cottage Cheese",
					"CS_YES": false,
					"SHOW_PRICE_CS": true,
					"SALES_TYPE": "Each",
					"IMAGE_ID": "5010578008020",
					"BRAND": "Longley Farm",
					"IS_BWS": false,
					"IS_FROZEN": false,
					"IS_SPONSORED": false,
					"PRICES": {
						"EN": {
							"OFFER": "List",
							"PRICE": 1.77,
							"PRICEPERUOM": 0.708,
							"PRICEPERUOMFORMATTED": "70.8p/100GR"
						}
					},
					"PRIMARY_TAXONOMY": {
						"CAT_ID": "1215660378320",
						"CAT_NAME": "Chilled Food",
						"DEPT_ID": "1215341805721",
						"DEPT_NAME": "Cheese",
						"AISLE_ID": "1215341805865",
						"AISLE_NAME": "Soft & Cottage Cheese",
						"SHELF_ID": "1215341810362",
						"SHELF_NAME": "Cottage Cheese & Quark"
					},
					"IS_FTO": false,
					"PRODUCT_TYPE": "STANDARD",
					"AVG_RATING": 4.8586,
					"RATING_COUNT": 198.0,
					"ICONS": [
						{
							"ID": "51000002",
							"ICON_NAME": "801_NoShellfish",
							"CLICKABLE": false,
							"IMAGE_URL": "https://ui.assets-asda.com/dm/_000_Icon?&$Icon-wapp$",
							"START_DATE": 1551700800,
							"END_DATE": 1551873600,
							"PRIORITY": 10440.0
						},
						{
							"ID": "59600051",
							"ICON_NAME": "Typically fresh for 10 days",
							"CLICKABLE": true,
							"IMAGE_URL": "https://ui.assets-asda.com/dm/produce-10-days-icon?",
							"START_DATE": 1625227200,
							"END_DATE": 1914408000,
							"PRIORITY": 35.0
						},
						{
							"ID": "1215429129918",
							"ICON_NAME": "_043_British",
							"CLICKABLE": true,
							"IMAGE_URL": "https://ui.assets-asda.com/dm/_043_british?",
							"END_DATE": 1682510400,
							"PRIORITY": 5435.0
						}
					],
					"PACK_SIZE": "250G",
					"STOCK": {
						"4565": 999
					},
					"MAX_QTY": 10,
					"objectID": "458466",
					"_highlightResult": {
						"ID": {
							"value": "39070",
							"matchLevel": "none",
							"matchedWords": []
						},
						"CIN": {
							"value": "458466",
							"matchLevel": "none",
							"matchedWords": []
						},
						"NAME": {
							"value": "Natural Cottage <em>Cheese</em>",
							"matchLevel": "full",
							"fullyHighlighted": false,
							"matchedWords": [
								"cheese"
							]
						},
						"BRAND": {
							"value": "Longley Farm",
							"matchLevel": "none",
							"matchedWords": []
						},
						"PRIMARY_TAXONOMY": {
							"AISLE_NAME": {
								"value": "Soft & Cottage <em>Cheese</em>",
								"matchLevel": "full",
								"fullyHighlighted": false,
								"matchedWords": [
									"cheese"
								]
							},
							"SHELF_NAME": {
								"value": "Cottage <em>Cheese</em> & Quark",
								"matchLevel": "full",
								"fullyHighlighted": false,
								"matchedWords": [
									"cheese"
								]
							}
						},
						"LIFESTYLES": [
							{
								"value": "Gluten free",
								"matchLevel": "none",
								"matchedWords": []
							},
							{
								"value": "Suitable for Vegetarians",
								"matchLevel": "none",
								"matchedWords": []
							}
						]
					}
				},
				{
					"ID": "910002124224",
					"STATUS": "A",
					"PHARMACY_RESTRICTED": false,
					"CIN": "5242241",
					"START_DATE": 1446984000.0,
					"END_DATE": 1924948800.0,
					"NAME": "Blue Cheese",
					"CS_YES": false,
					"SHOW_PRICE_CS": true,
					"SALES_TYPE": "Each",
					"IMAGE_ID": "3341500006008",
					"BRAND": "Saint Agur",
					"IS_BWS": false,
					"IS_FROZEN": false,
					"IS_SPONSORED": false,
					"LABEL": "Rollback",
					"LABEL_START_DATE": 1617883200.0,
					"LABEL_END_DATE": 1623240000.0,
					"PRICES": {
						"EN": {
							"OFFER": "List",
							"PRICE": 2.33,
							"PRICEPERUOM": 18.64,
							"PRICEPERUOMFORMATTED": "£18.64/KG"
						}
					},
					"PRIMARY_TAXONOMY": {
						"CAT_ID": "1215660378320",
						"CAT_NAME": "Chilled Food",
						"DEPT_ID": "1215341805721",
						"DEPT_NAME": "Cheese",
						"AISLE_ID": "1215686355503",
						"AISLE_NAME": "Cheeseboard & Speciality Cheese",
						"SHELF_ID": "1215341830398",
						"SHELF_NAME": "Blue & Stilton"
					},
					"IS_FTO": false,
					"PRODUCT_TYPE": "STANDARD",
					"AVG_RATING": 4.8704,
					"RATING_COUNT": 54.0,
					"PACK_SIZE": "125G",
					"STOCK": {
						"4565": 0
					},
					"MAX_QTY": 10,
					"objectID": "5242241",
					"_highlightResult": {
						"ID": {
							"value": "910002124224",
							"matchLevel": "none",
							"matchedWords": []
						},
						"CIN": {
							"value": "5242241",
							"matchLevel": "none",
							"matchedWords": []
						},
						"NAME": {
							"value": "Blue <em>Cheese</em>",
							"matchLevel": "full",
							"fullyHighlighted": false,
							"matchedWords": [
								"cheese"
							]
						},
						"KEYWORDS": {
							"value": "board,st agur",
							"matchLevel": "none",
							"matchedWords": []
						},
						"BRAND": {
							"value": "Saint Agur",
							"matchLevel": "none",
							"matchedWords": []
						},
						"PRIMARY_TAXONOMY": {
							"AISLE_NAME": {
								"value": "<em>Cheese</em>board & Speciality <em>Cheese</em>",
								"matchLevel": "full",
								"fullyHighlighted": false,
								"matchedWords": [
									"cheese"
								]
							},
							"SHELF_NAME": {
								"value": "Blue & Stilton",
								"matchLevel": "none",
								"matchedWords": []
							}
						}
					}
				},
				{
					"ID": "910002946107",
					"STATUS": "A",
					"PHARMACY_RESTRICTED": false,
					"CIN": "5697881",
					"START_DATE": 1493121600.0,
					"END_DATE": 1924948800.0,
					"NAME": "Mint Ice Cream",
					"CS_YES": false,
					"SHOW_PRICE_CS": true,
					"SALES_TYPE": "Each",
					"IMAGE_ID": "8000920200070",
					"BRAND": "Viennetta",
					"IS_BWS": false,
					"IS_FROZEN": true,
					"IS_SPONSORED": false,
					"PRICES": {
						"EN": {
							"OFFER": "List",
							"PRICE": 2.0,
							"PRICEPERUOM": 0.30769,
							"PRICEPERUOMFORMATTED": "30.8p/100ML"
						}
					},
					"PRIMARY_TAXONOMY": {
						"CAT_ID": "1215338621416",
						"CAT_NAME": "Frozen Food",
						"DEPT_ID": "1215338621511",
						"DEPT_NAME": "Frozen Desserts & Pastry",
						"AISLE_ID": "1215685961770",
						"AISLE_NAME": "Frozen Party & Ice Cream Desserts",
						"SHELF_ID": "1215339371827",
						"SHELF_NAME": "Frozen Party & Ice Cream Desserts"
					},
					"IS_FTO": false,
					"PRODUCT_TYPE": "STANDARD",
					"AVG_RATING": 4.6719,
					"RATING_COUNT": 64.0,
					"ICONS": [
						{
							"ID": "45200003",
							"ICON_NAME": "Serves 6 - 7",
							"CLICKABLE": true,
							"IMAGE_URL": "https://ui.assets-asda.com/dm/icon_serves?$serves=6-7",
							"PRIORITY": 813.0
						},
						{
							"ID": "51000002",
							"ICON_NAME": "801_NoShellfish",
							"CLICKABLE": false,
							"IMAGE_URL": "https://ui.assets-asda.com/dm/_000_Icon?&$Icon-wapp$",
							"START_DATE": 1551700800,
							"END_DATE": 1551873600,
							"PRIORITY": 10440.0
						},
						{
							"ID": "1215429142097",
							"ICON_NAME": "Frozen",
							"CLICKABLE": true,
							"IMAGE_URL": "https://ui.assets-asda.com/dm/_046_frozen?",
							"PRIORITY": -2995.0
						}
					],
					"PACK_SIZE": "650ML",
					"STOCK": {
						"4565": 999
					},
					"MAX_QTY": 10,
					"objectID": "5697881",
					"_highlightResult": {
						"ID": {
							"value": "910002946107",
							"matchLevel": "none",
							"matchedWords": []
						},
						"CIN": {
							"value": "5697881",
							"matchLevel": "none",
							"matchedWords": []
						},
						"NAME": {
							"value": "Mint Ice Cream",
							"matchLevel": "none",
							"matchedWords": []
						},
						"BRAND": {
							"value": "Viennetta",
							"matchLevel": "none",
							"matchedWords": []
						},
						"PRIMARY_TAXONOMY": {
							"AISLE_NAME": {
								"value": "Frozen Party & Ice Cream <em>Desserts</em>",
								"matchLevel": "full",
								"fullyHighlighted": false,
								"matchedWords": [
									"cheese"
								]
							},
							"SHELF_NAME": {
								"value": "Frozen Party & Ice Cream <em>Desserts</em>",
								"matchLevel": "full",
								"fullyHighlighted": false,
								"matchedWords": [
									"cheese"
								]
							}
						}
					}
				},
				{
					"ID": "910001257216",
					"STATUS": "A",
					"PHARMACY_RESTRICTED": false,
					"CIN": "4545227",
					"START_DATE": -2208945600.0,
					"END_DATE": 1924948800.0,
					"NAME": "10 Mozzarella Cheese Slices",
					"CS_YES": false,
					"SHOW_PRICE_CS": true,
					"SALES_TYPE": "Each",
					"IMAGE_ID": "5054070150290",
					"BRAND": "ASDA",
					"IS_BWS": false,
					"IS_FROZEN": false,
					"IS_SPONSORED": false,
					"PRICES": {
						"EN": {
							"OFFER": "List",
							"PRICE": 2.54,
							"PRICEPERUOM": 11.54545,
							"PRICEPERUOMFORMATTED": "£11.55/KG"
						}
					},
					"PRIMARY_TAXONOMY": {
						"CAT_ID": "1215660378320",
						"CAT_NAME": "Chilled Food",
						"DEPT_ID": "1215341805721",
						"DEPT_NAME": "Cheese",
						"AISLE_ID": "1215341805765",
						"AISLE_NAME": "Cheddar & Regional Cheese",
						"SHELF_ID": "1215626750653",
						"SHELF_NAME": "Grated & Sliced Cheese"
					},
					"IS_FTO": false,
					"PRODUCT_TYPE": "STANDARD",
					"AVG_RATING": 4.3378,
					"RATING_COUNT": 74.0,
					"PROMOS": {
						"EN": [
							{
								"ID": "10000479757",
								"NAME": "Any 2 for £4.48",
								"END_DATE": 1767225599.0,
								"START_DATE": 1755820800.0,
								"TYPE": 15
							}
						]
					},
					"ICONS": [
						{
							"ID": "51000002",
							"ICON_NAME": "801_NoShellfish",
							"CLICKABLE": false,
							"IMAGE_URL": "https://ui.assets-asda.com/dm/_000_Icon?&$Icon-wapp$",
							"START_DATE": 1551700800,
							"END_DATE": 1551873600,
							"PRIORITY": 10440.0
						},
						{
							"ID": "59600445",
							"ICON_NAME": "M&S Taste Match",
							"CLICKABLE": true,
							"IMAGE_URL": "https://ui.assets-asda.com/dm/M-S-Taste-Match-Icon?",
							"START_DATE": 1695643200,
							"END_DATE": 1725019200,
							"PRIORITY": 70.0
						}
					],
					"PACK_SIZE": "220G",
					"STOCK": {
						"4565": 999
					},
					"MAX_QTY": 10,
					"objectID": "4545227",
					"_highlightResult": {
						"ID": {
							"value": "910001257216",
							"matchLevel": "none",
							"matchedWords": []
						},
						"CIN": {
							"value": "4545227",
							"matchLevel": "none",
							"matchedWords": []
						},
						"NAME": {
							"value": "10 Mozzarella <em>Cheese</em> Slices",
							"matchLevel": "full",
							"fullyHighlighted": false,
							"matchedWords": [
								"cheese"
							]
						},
						"KEYWORDS": {
							"value": "M&S taste match,taste match,M&S Taste match,taste match,burger <em>cheese</em>",
							"matchLevel": "full",
							"fullyHighlighted": false,
							"matchedWords": [
								"cheese"
							]
						},
						"BRAND": {
							"value": "ASDA",
							"matchLevel": "none",
							"matchedWords": []
						},
						"PRIMARY_TAXONOMY": {
							"AISLE_NAME": {
								"value": "Cheddar & Regional <em>Cheese</em>",
								"matchLevel": "full",
								"fullyHighlighted": false,
								"matchedWords": [
									"cheese"
								]
							},
							"SHELF_NAME": {
								"value": "Grated & Sliced <em>Cheese</em>",
								"matchLevel": "full",
								"fullyHighlighted": false,
								"matchedWords": [
									"cheese"
								]
							}
						},
						"LIFESTYLES": [
							{
								"value": "Suitable for Vegetarians",
								"matchLevel": "none",
								"matchedWords": []
							}
						]
					}
				},
				{
					"ID": "1000284295980",
					"STATUS": "A",
					"PHARMACY_RESTRICTED": false,
					"CIN": "6981118",
					"START_DATE": 1617105600.0,
					"END_DATE": 1924948800.0,
					"NAME": "Somerset Brie 160g",
					"CS_YES": false,
					"SHOW_PRICE_CS": true,
					"SALES_TYPE": "Each",
					"IMAGE_ID": "5057172405169",
					"BRAND": "ASDA",
					"IS_BWS": false,
					"IS_FROZEN": false,
					"IS_SPONSORED": false,
					"PRICES": {
						"EN": {
							"OFFER": "Dropped",
							"PRICE": 2.12,
							"WASPRICE": 2.25,
							"PRICEPERUOM": 13.25,
							"PRICEPERUOMFORMATTED": "£13.25/KG"
						}
					},
					"PRIMARY_TAXONOMY": {
						"CAT_ID": "1215660378320",
						"CAT_NAME": "Chilled Food",
						"DEPT_ID": "1215341805721",
						"DEPT_NAME": "Cheese",
						"AISLE_ID": "1215341806015",
						"AISLE_NAME": "Continental Cheese",
						"SHELF_ID": "1215341830339",
						"SHELF_NAME": "Brie & Camembert"
					},
					"IS_FTO": false,
					"PRODUCT_TYPE": "STANDARD",
					"AVG_RATING": 4.1429,
					"RATING_COUNT": 56.0,
					"ICONS": [
						{
							"ID": "51000002",
							"ICON_NAME": "801_NoShellfish",
							"CLICKABLE": false,
							"IMAGE_URL": "https://ui.assets-asda.com/dm/_000_Icon?&$Icon-wapp$",
							"START_DATE": 1551700800,
							"END_DATE": 1551873600,
							"PRIORITY": 10440.0
						}
					],
					"PACK_SIZE": "160G",
					"STOCK": {
						"4565": 999
					},
					"MAX_QTY": 10,
					"objectID": "6981118",
					"_highlightResult": {
						"ID": {
							"value": "1000284295980",
							"matchLevel": "none",
							"matchedWords": []
						},
						"CIN": {
							"value": "6981118",
							"matchLevel": "none",
							"matchedWords": []
						},
						"NAME": {
							"value": "Somerset Brie 160g",
							"matchLevel": "none",
							"matchedWords": []
						},
						"BRAND": {
							"value": "ASDA",
							"matchLevel": "none",
							"matchedWords": []
						},
						"PRIMARY_TAXONOMY": {
							"AISLE_NAME": {
								"value": "Continental <em>Cheese</em>",
								"matchLevel": "full",
								"fullyHighlighted": false,
								"matchedWords": [
									"cheese"
								]
							},
							"SHELF_NAME": {
								"value": "Brie & Camembert",
								"matchLevel": "none",
								"matchedWords": []
							}
						},
						"LIFESTYLES": [
							{
								"value": "Suitable for Vegetarians",
								"matchLevel": "none",
								"matchedWords": []
							}
						]
					}
				},
				{
					"ID": "1000301160975",
					"STATUS": "A",
					"PHARMACY_RESTRICTED": false,
					"CIN": "7055900",
					"START_DATE": 1620129600.0,
					"END_DATE": 1924948800.0,
					"NAME": "Light Cheese Spread 16 Triangles",
					"CS_YES": false,
					"SHOW_PRICE_CS": true,
					"SALES_TYPE": "Each",
					"IMAGE_ID": "3073781160031",
					"BRAND": "The Laughing Cow",
					"IS_BWS": false,
					"IS_FROZEN": false,
					"IS_SPONSORED": false,
					"PRICES": {
						"EN": {
							"OFFER": "Dropped",
							"PRICE": 2.62,
							"WASPRICE": 2.95,
							"PRICEPERUOM": 9.81273,
							"PRICEPERUOMFORMATTED": "£9.81/KG"
						}
					},
					"PRIMARY_TAXONOMY": {
						"CAT_ID": "1215660378320",
						"CAT_NAME": "Chilled Food",
						"DEPT_ID": "1215341805721",
						"DEPT_NAME": "Cheese",
						"AISLE_ID": "1215341805914",
						"AISLE_NAME": "Cheese Snacks & Lunchbox",
						"SHELF_ID": "1215341810482",
						"SHELF_NAME": "Cheese Triangles"
					},
					"IS_FTO": false,
					"PRODUCT_TYPE": "STANDARD",
					"AVG_RATING": 4.642,
					"RATING_COUNT": 81.0,
					"ICONS": [
						{
							"ID": "51000002",
							"ICON_NAME": "801_NoShellfish",
							"CLICKABLE": false,
							"IMAGE_URL": "https://ui.assets-asda.com/dm/_000_Icon?&$Icon-wapp$",
							"START_DATE": 1551700800,
							"END_DATE": 1551873600,
							"PRIORITY": 10440.0
						},
						{
							"ID": "59600552",
							"ICON_NAME": "Tickled Pink 2025",
							"CLICKABLE": true,
							"IMAGE_URL": "https://ui.assets-asda.com/dm/250731_Icon_TickledPinkLogo?&$icon-wapp$",
							"START_DATE": 1757332800,
							"END_DATE": 1924948800,
							"PRIORITY": 4500.0
						}
					],
					"PACK_SIZE": "267G",
					"STOCK": {
						"4565": 999
					},
					"MAX_QTY": 10,
					"objectID": "7055900",
					"_highlightResult": {
						"ID": {
							"value": "1000301160975",
							"matchLevel": "none",
							"matchedWords": []
						},
						"CIN": {
							"value": "7055900",
							"matchLevel": "none",
							"matchedWords": []
						},
						"NAME": {
							"value": "Light <em>Cheese</em> Spread 16 Triangles",
							"matchLevel": "full",
							"fullyHighlighted": false,
							"matchedWords": [
								"cheese"
							]
						},
						"KEYWORDS": {
							"value": "spread,<em>cheese</em> for crackers",
							"matchLevel": "full",
							"fullyHighlighted": false,
							"matchedWords": [
								"cheese"
							]
						},
						"BRAND": {
							"value": "The Laughing Cow",
							"matchLevel": "none",
							"matchedWords": []
						},
						"PRIMARY_TAXONOMY": {
							"AISLE_NAME": {
								"value": "<em>Cheese</em> Snacks & Lunchbox",
								"matchLevel": "full",
								"fullyHighlighted": false,
								"matchedWords": [
									"cheese"
								]
							},
							"SHELF_NAME": {
								"value": "<em>Cheese</em> Triangles",
								"matchLevel": "full",
								"fullyHighlighted": false,
								"matchedWords": [
									"cheese"
								]
							}
						},
						"LIFESTYLES": [
							{
								"value": "Suitable for Vegetarians",
								"matchLevel": "none",
								"matchedWords": []
							}
						]
					}
				},
				{
					"ID": "1227172",
					"STATUS": "A",
					"PHARMACY_RESTRICTED": false,
					"CIN": "1130530",
					"START_DATE": 1446465600.0,
					"END_DATE": 1924948800.0,
					"NAME": "Light Portions 4 x 35g (140g)",
					"CS_YES": false,
					"SHOW_PRICE_CS": true,
					"SALES_TYPE": "Each",
					"IMAGE_ID": "7622300205775",
					"BRAND": "Philadelphia",
					"IS_BWS": false,
					"IS_FROZEN": false,
					"IS_SPONSORED": false,
					"PRICES": {
						"EN": {
							"OFFER": "Dropped",
							"PRICE": 1.42,
							"WASPRICE": 1.62,
							"PRICEPERUOM": 10.14286,
							"PRICEPERUOMFORMATTED": "£10.14/KG"
						}
					},
					"PRIMARY_TAXONOMY": {
						"CAT_ID": "1215660378320",
						"CAT_NAME": "Chilled Food",
						"DEPT_ID": "1215341805721",
						"DEPT_NAME": "Cheese",
						"AISLE_ID": "1215341805865",
						"AISLE_NAME": "Soft & Cottage Cheese",
						"SHELF_ID": "1215341810303",
						"SHELF_NAME": "Soft Cheese"
					},
					"IS_FTO": false,
					"PRODUCT_TYPE": "STANDARD",
					"AVG_RATING": 4.8095,
					"RATING_COUNT": 63.0,
					"PACK_SIZE": "140G",
					"STOCK": {
						"4565": 999
					},
					"MAX_QTY": 10,
					"objectID": "1130530",
					"_highlightResult": {
						"ID": {
							"value": "1227172",
							"matchLevel": "none",
							"matchedWords": []
						},
						"CIN": {
							"value": "1130530",
							"matchLevel": "none",
							"matchedWords": []
						},
						"NAME": {
							"value": "Light Portions 4 x 35g (140g)",
							"matchLevel": "none",
							"matchedWords": []
						},
						"KEYWORDS": {
							"value": "low fat <em>cheese</em>",
							"matchLevel": "full",
							"fullyHighlighted": false,
							"matchedWords": [
								"cheese"
							]
						},
						"BRAND": {
							"value": "Philadelphia",
							"matchLevel": "none",
							"matchedWords": []
						},
						"PRIMARY_TAXONOMY": {
							"AISLE_NAME": {
								"value": "Soft & Cottage <em>Cheese</em>",
								"matchLevel": "full",
								"fullyHighlighted": false,
								"matchedWords": [
									"cheese"
								]
							},
							"SHELF_NAME": {
								"value": "Soft <em>Cheese</em>",
								"matchLevel": "full",
								"fullyHighlighted": false,
								"matchedWords": [
									"cheese"
								]
							}
						},
						"LIFESTYLES": [
							{
								"value": "Suitable for Vegetarians",
								"matchLevel": "none",
								"matchedWords": []
							}
						]
					}
				},
				{
					"ID": "910001084941",
					"STATUS": "A",
					"PHARMACY_RESTRICTED": false,
					"CIN": "4322193",
					"START_DATE": -2208945600.0,
					"END_DATE": 1924948800.0,
					"NAME": "Grated Mature Cheddar Cheese",
					"CS_YES": false,
					"SHOW_PRICE_CS": true,
					"SALES_TYPE": "Each",
					"IMAGE_ID": "5000295145115",
					"BRAND": "Cathedral City",
					"IS_BWS": false,
					"IS_FROZEN": false,
					"IS_SPONSORED": false,
					"PRICES": {
						"EN": {
							"OFFER": "List",
							"PRICE": 2.36,
							"PRICEPERUOM": 13.11111,
							"PRICEPERUOMFORMATTED": "£13.11/KG"
						}
					},
					"PRIMARY_TAXONOMY": {
						"CAT_ID": "1215660378320",
						"CAT_NAME": "Chilled Food",
						"DEPT_ID": "1215341805721",
						"DEPT_NAME": "Cheese",
						"AISLE_ID": "1215341805765",
						"AISLE_NAME": "Cheddar & Regional Cheese",
						"SHELF_ID": "1215626750653",
						"SHELF_NAME": "Grated & Sliced Cheese"
					},
					"IS_FTO": false,
					"PRODUCT_TYPE": "STANDARD",
					"AVG_RATING": 4.4265,
					"RATING_COUNT": 68.0,
					"ICONS": [
						{
							"ID": "51000002",
							"ICON_NAME": "801_NoShellfish",
							"CLICKABLE": false,
							"IMAGE_URL": "https://ui.assets-asda.com/dm/_000_Icon?&$Icon-wapp$",
							"START_DATE": 1551700800,
							"END_DATE": 1551873600,
							"PRIORITY": 10440.0
						},
						{
							"ID": "55000003",
							"ICON_NAME": "_151_UnionFlag",
							"CLICKABLE": false,
							"IMAGE_URL": "https://ui.assets-asda.comtest.jpg",
							"START_DATE": 1594728000,
							"END_DATE": 1600171200,
							"PRIORITY": 10427.0
						},
						{
							"ID": "55200006",
							"ICON_NAME": "_008_RedTractorAUTO",
							"CLICKABLE": true,
							"IMAGE_URL": "https://ui.assets-asda.com/dm/_008_redtractor?&$icon-wapp$",
							"START_DATE": 1609329600,
							"END_DATE": 1682510400,
							"PRIORITY": 5354.0
						},
						{
							"ID": "1215429129918",
							"ICON_NAME": "_043_British",
							"CLICKABLE": true,
							"IMAGE_URL": "https://ui.assets-asda.com/dm/_043_british?",
							"END_DATE": 1682510400,
							"PRIORITY": 5435.0
						}
					],
					"PACK_SIZE": "180G",
					"STOCK": {
						"4565": 999
					},
					"MAX_QTY": 10,
					"objectID": "4322193",
					"_highlightResult": {
						"ID": {
							"value": "910001084941",
							"matchLevel": "none",
							"matchedWords": []
						},
						"CIN": {
							"value": "4322193",
							"matchLevel": "none",
							"matchedWords": []
						},
						"NAME": {
							"value": "Grated Mature Cheddar <em>Cheese</em>",
							"matchLevel": "full",
							"fullyHighlighted": false,
							"matchedWords": [
								"cheese"
							]
						},
						"BRAND": {
							"value": "Cathedral City",
							"matchLevel": "none",
							"matchedWords": []
						},
						"PRIMARY_TAXONOMY": {
							"AISLE_NAME": {
								"value": "Cheddar & Regional <em>Cheese</em>",
								"matchLevel": "full",
								"fullyHighlighted": false,
								"matchedWords": [
									"cheese"
								]
							},
							"SHELF_NAME": {
								"value": "Grated & Sliced <em>Cheese</em>",
								"matchLevel": "full",
								"fullyHighlighted": false,
								"matchedWords": [
									"cheese"
								]
							}
						},
						"LIFESTYLES": [
							{
								"value": "Suitable for Vegetarians",
								"matchLevel": "none",
								"matchedWords": []
							}
						]
					}
				},
				{
					"ID": "910000455358",
					"STATUS": "A",
					"PHARMACY_RESTRICTED": false,
					"CIN": "3658566",
					"START_DATE": 1314014400.0,
					"END_DATE": 1924948800.0,
					"NAME": "Mild Cheddar Cheese",
					"CS_YES": false,
					"SHOW_PRICE_CS": true,
					"SALES_TYPE": "Each",
					"IMAGE_ID": "5000295142909",
					"BRAND": "Cathedral City",
					"IS_BWS": false,
					"IS_FROZEN": false,
					"IS_SPONSORED": false,
					"PRICES": {
						"EN": {
							"OFFER": "Rollback",
							"PRICE": 2.93,
							"WASPRICE": 3.58,
							"PRICEPERUOM": 8.37143,
							"PRICEPERUOMFORMATTED": "£8.37/KG"
						}
					},
					"PRIMARY_TAXONOMY": {
						"CAT_ID": "1215660378320",
						"CAT_NAME": "Chilled Food",
						"DEPT_ID": "1215341805721",
						"DEPT_NAME": "Cheese",
						"AISLE_ID": "1215341805765",
						"AISLE_NAME": "Cheddar & Regional Cheese",
						"SHELF_ID": "1215341808640",
						"SHELF_NAME": "Mild & Medium Cheese"
					},
					"IS_FTO": false,
					"PRODUCT_TYPE": "STANDARD",
					"AVG_RATING": 4.5597,
					"RATING_COUNT": 134.0,
					"ICONS": [
						{
							"ID": "55000003",
							"ICON_NAME": "_151_UnionFlag",
							"CLICKABLE": false,
							"IMAGE_URL": "https://ui.assets-asda.comtest.jpg",
							"START_DATE": 1594728000,
							"END_DATE": 1600171200,
							"PRIORITY": 10427.0
						},
						{
							"ID": "55200006",
							"ICON_NAME": "_008_RedTractorAUTO",
							"CLICKABLE": true,
							"IMAGE_URL": "https://ui.assets-asda.com/dm/_008_redtractor?&$icon-wapp$",
							"START_DATE": 1609329600,
							"END_DATE": 1682510400,
							"PRIORITY": 5354.0
						}
					],
					"PACK_SIZE": "350G",
					"STOCK": {
						"4565": 999
					},
					"MAX_QTY": 10,
					"objectID": "3658566",
					"_highlightResult": {
						"ID": {
							"value": "910000455358",
							"matchLevel": "none",
							"matchedWords": []
						},
						"CIN": {
							"value": "3658566",
							"matchLevel": "none",
							"matchedWords": []
						},
						"NAME": {
							"value": "Mild Cheddar <em>Cheese</em>",
							"matchLevel": "full",
							"fullyHighlighted": false,
							"matchedWords": [
								"cheese"
							]
						},
						"BRAND": {
							"value": "Cathedral City",
							"matchLevel": "none",
							"matchedWords": []
						},
						"PRIMARY_TAXONOMY": {
							"AISLE_NAME": {
								"value": "Cheddar & Regional <em>Cheese</em>",
								"matchLevel": "full",
								"fullyHighlighted": false,
								"matchedWords": [
									"cheese"
								]
							},
							"SHELF_NAME": {
								"value": "Mild & Medium <em>Cheese</em>",
								"matchLevel": "full",
								"fullyHighlighted": false,
								"matchedWords": [
									"cheese"
								]
							}
						},
						"LIFESTYLES": [
							{
								"value": "Suitable for Vegetarians",
								"matchLevel": "none",
								"matchedWords": []
							}
						]
					}
				},
				{
					"ID": "910001076953",
					"STATUS": "A",
					"PHARMACY_RESTRICTED": false,
					"CIN": "4310168",
					"START_DATE": 1440417600.0,
					"END_DATE": 1924948800.0,
					"NAME": "Light Original Soft Cheese 200g",
					"CS_YES": false,
					"SHOW_PRICE_CS": true,
					"SALES_TYPE": "Each",
					"IMAGE_ID": "5052449755961",
					"BRAND": "ASDA",
					"IS_BWS": false,
					"IS_FROZEN": false,
					"IS_SPONSORED": false,
					"PRICES": {
						"EN": {
							"OFFER": "List",
							"PRICE": 1.54,
							"PRICEPERUOM": 7.7,
							"PRICEPERUOMFORMATTED": "£7.70/KG"
						}
					},
					"PRIMARY_TAXONOMY": {
						"CAT_ID": "1215660378320",
						"CAT_NAME": "Chilled Food",
						"DEPT_ID": "1215341805721",
						"DEPT_NAME": "Cheese",
						"AISLE_ID": "1215341805865",
						"AISLE_NAME": "Soft & Cottage Cheese",
						"SHELF_ID": "1215341810303",
						"SHELF_NAME": "Soft Cheese"
					},
					"IS_FTO": false,
					"PRODUCT_TYPE": "STANDARD",
					"AVG_RATING": 4.2054,
					"RATING_COUNT": 112.0,
					"ICONS": [
						{
							"ID": "51000002",
							"ICON_NAME": "801_NoShellfish",
							"CLICKABLE": false,
							"IMAGE_URL": "https://ui.assets-asda.com/dm/_000_Icon?&$Icon-wapp$",
							"START_DATE": 1551700800,
							"END_DATE": 1551873600,
							"PRIORITY": 10440.0
						}
					],
					"PACK_SIZE": "200G",
					"STOCK": {
						"4565": 999
					},
					"MAX_QTY": 10,
					"objectID": "4310168",
					"_highlightResult": {
						"ID": {
							"value": "910001076953",
							"matchLevel": "none",
							"matchedWords": []
						},
						"CIN": {
							"value": "4310168",
							"matchLevel": "none",
							"matchedWords": []
						},
						"NAME": {
							"value": "Light Original Soft <em>Cheese</em> 200g",
							"matchLevel": "full",
							"fullyHighlighted": false,
							"matchedWords": [
								"cheese"
							]
						},
						"KEYWORDS": {
							"value": "packed lunch,cream <em>cheese</em>,<em>cheese</em> spread",
							"matchLevel": "full",
							"fullyHighlighted": false,
							"matchedWords": [
								"cheese"
							]
						},
						"BRAND": {
							"value": "ASDA",
							"matchLevel": "none",
							"matchedWords": []
						},
						"PRIMARY_TAXONOMY": {
							"AISLE_NAME": {
								"value": "Soft & Cottage <em>Cheese</em>",
								"matchLevel": "full",
								"fullyHighlighted": false,
								"matchedWords": [
									"cheese"
								]
							},
							"SHELF_NAME": {
								"value": "Soft <em>Cheese</em>",
								"matchLevel": "full",
								"fullyHighlighted": false,
								"matchedWords": [
									"cheese"
								]
							}
						},
						"LIFESTYLES": [
							{
								"value": "Suitable for Vegetarians",
								"matchLevel": "none",
								"matchedWords": []
							}
						]
					}
				},
				{
					"ID": "1000299625347",
					"STATUS": "A",
					"PHARMACY_RESTRICTED": false,
					"CIN": "7048101",
					"START_DATE": 1712577600.0,
					"END_DATE": 1924948800.0,
					"NAME": "Dunkers Nachos Cheese Snacks 6 Pack 258g",
					"CS_YES": false,
					"SHOW_PRICE_CS": true,
					"SALES_TYPE": "Each",
					"IMAGE_ID": "7622201143459",
					"BRAND": "Dairylea",
					"IS_BWS": false,
					"IS_FROZEN": false,
					"IS_SPONSORED": false,
					"PRICES": {
						"EN": {
							"OFFER": "Rollback",
							"PRICE": 2.33,
							"WASPRICE": 3.12,
							"PRICEPERUOM": 9.03101,
							"PRICEPERUOMFORMATTED": "£9.03/KG"
						}
					},
					"PRIMARY_TAXONOMY": {
						"CAT_ID": "1215660378320",
						"CAT_NAME": "Chilled Food",
						"DEPT_ID": "1215341805721",
						"DEPT_NAME": "Cheese",
						"AISLE_ID": "1215341805914",
						"AISLE_NAME": "Cheese Snacks & Lunchbox",
						"SHELF_ID": "1215341810541",
						"SHELF_NAME": "Cheese Strips & Dunkers"
					},
					"IS_FTO": false,
					"PRODUCT_TYPE": "STANDARD",
					"AVG_RATING": 4.6111,
					"RATING_COUNT": 18.0,
					"PACK_SIZE": "6X43G",
					"STOCK": {
						"4565": 999
					},
					"MAX_QTY": 10,
					"objectID": "7048101",
					"_highlightResult": {
						"ID": {
							"value": "1000299625347",
							"matchLevel": "none",
							"matchedWords": []
						},
						"CIN": {
							"value": "7048101",
							"matchLevel": "none",
							"matchedWords": []
						},
						"NAME": {
							"value": "Dunkers Nachos <em>Cheese</em> Snacks 6 Pack 258g",
							"matchLevel": "full",
							"fullyHighlighted": false,
							"matchedWords": [
								"cheese"
							]
						},
						"BRAND": {
							"value": "Dairylea",
							"matchLevel": "none",
							"matchedWords": []
						},
						"PRIMARY_TAXONOMY": {
							"AISLE_NAME": {
								"value": "<em>Cheese</em> Snacks & Lunchbox",
								"matchLevel": "full",
								"fullyHighlighted": false,
								"matchedWords": [
									"cheese"
								]
							},
							"SHELF_NAME": {
								"value": "<em>Cheese</em> Strips & Dunkers",
								"matchLevel": "full",
								"fullyHighlighted": false,
								"matchedWords": [
									"cheese"
								]
							}
						},
						"LIFESTYLES": [
							{
								"value": "Suitable for Vegetarians",
								"matchLevel": "none",
								"matchedWords": []
							}
						]
					}
				},
				{
					"ID": "1000299625334",
					"STATUS": "A",
					"PHARMACY_RESTRICTED": false,
					"CIN": "7048117",
					"START_DATE": 1625832000.0,
					"END_DATE": 1924948800.0,
					"NAME": "Snack Soft Cheese Dip & Breadsticks",
					"CS_YES": false,
					"SHOW_PRICE_CS": true,
					"SALES_TYPE": "Each",
					"IMAGE_ID": "7622201443009",
					"BRAND": "Philadelphia",
					"IS_BWS": false,
					"IS_FROZEN": false,
					"IS_SPONSORED": false,
					"PRICES": {
						"EN": {
							"OFFER": "List",
							"PRICE": 1.42,
							"PRICEPERUOM": 11.26984,
							"PRICEPERUOMFORMATTED": "£11.27/KG"
						}
					},
					"PRIMARY_TAXONOMY": {
						"CAT_ID": "1215660378320",
						"CAT_NAME": "Chilled Food",
						"DEPT_ID": "1215341805721",
						"DEPT_NAME": "Cheese",
						"AISLE_ID": "1215341805914",
						"AISLE_NAME": "Cheese Snacks & Lunchbox",
						"SHELF_ID": "1215341810541",
						"SHELF_NAME": "Cheese Strips & Dunkers"
					},
					"IS_FTO": false,
					"PRODUCT_TYPE": "STANDARD",
					"AVG_RATING": 4.6034,
					"RATING_COUNT": 58.0,
					"ICONS": [
						{
							"ID": "51000002",
							"ICON_NAME": "801_NoShellfish",
							"CLICKABLE": false,
							"IMAGE_URL": "https://ui.assets-asda.com/dm/_000_Icon?&$Icon-wapp$",
							"START_DATE": 1551700800,
							"END_DATE": 1551873600,
							"PRIORITY": 10440.0
						}
					],
					"PACK_SIZE": "3X42G",
					"STOCK": {
						"4565": 999
					},
					"MAX_QTY": 10,
					"objectID": "7048117",
					"_highlightResult": {
						"ID": {
							"value": "1000299625334",
							"matchLevel": "none",
							"matchedWords": []
						},
						"CIN": {
							"value": "7048117",
							"matchLevel": "none",
							"matchedWords": []
						},
						"NAME": {
							"value": "Snack Soft <em>Cheese</em> Dip & Breadsticks",
							"matchLevel": "full",
							"fullyHighlighted": false,
							"matchedWords": [
								"cheese"
							]
						},
						"KEYWORDS": {
							"value": "low fat <em>cheese</em>",
							"matchLevel": "full",
							"fullyHighlighted": false,
							"matchedWords": [
								"cheese"
							]
						},
						"BRAND": {
							"value": "Philadelphia",
							"matchLevel": "none",
							"matchedWords": []
						},
						"PRIMARY_TAXONOMY": {
							"AISLE_NAME": {
								"value": "<em>Cheese</em> Snacks & Lunchbox",
								"matchLevel": "full",
								"fullyHighlighted": false,
								"matchedWords": [
									"cheese"
								]
							},
							"SHELF_NAME": {
								"value": "<em>Cheese</em> Strips & Dunkers",
								"matchLevel": "full",
								"fullyHighlighted": false,
								"matchedWords": [
									"cheese"
								]
							}
						},
						"LIFESTYLES": [
							{
								"value": "Suitable for Vegetarians",
								"matchLevel": "none",
								"matchedWords": []
							}
						]
					}
				},
				{
					"ID": "1000383214706",
					"STATUS": "A",
					"PHARMACY_RESTRICTED": false,
					"CIN": "9075900",
					"START_DATE": 1704196800.0,
					"END_DATE": 1924948800.0,
					"NAME": "Original Spreadable 250g",
					"CS_YES": false,
					"SHOW_PRICE_CS": true,
					"SALES_TYPE": "Each",
					"IMAGE_ID": "5017838815763",
					"BRAND": "Seriously",
					"IS_BWS": false,
					"IS_FROZEN": false,
					"IS_SPONSORED": false,
					"PRICES": {
						"EN": {
							"OFFER": "List",
							"PRICE": 2.34,
							"PRICEPERUOM": 0.936,
							"PRICEPERUOMFORMATTED": "93.6p/100GR"
						}
					},
					"PRIMARY_TAXONOMY": {
						"CAT_ID": "1215660378320",
						"CAT_NAME": "Chilled Food",
						"DEPT_ID": "1215341805721",
						"DEPT_NAME": "Cheese",
						"AISLE_ID": "1215341805865",
						"AISLE_NAME": "Soft & Cottage Cheese",
						"SHELF_ID": "1215341810422",
						"SHELF_NAME": "Cheese Spreads"
					},
					"IS_FTO": false,
					"PRODUCT_TYPE": "STANDARD",
					"AVG_RATING": 4.6316,
					"RATING_COUNT": 19.0,
					"ICONS": [
						{
							"ID": "51000002",
							"ICON_NAME": "801_NoShellfish",
							"CLICKABLE": false,
							"IMAGE_URL": "https://ui.assets-asda.com/dm/_000_Icon?&$Icon-wapp$",
							"START_DATE": 1551700800,
							"END_DATE": 1551873600,
							"PRIORITY": 10440.0
						}
					],
					"PACK_SIZE": "250G",
					"STOCK": {
						"4565": 999
					},
					"MAX_QTY": 10,
					"objectID": "9075900",
					"_highlightResult": {
						"ID": {
							"value": "1000383214706",
							"matchLevel": "none",
							"matchedWords": []
						},
						"CIN": {
							"value": "9075900",
							"matchLevel": "none",
							"matchedWords": []
						},
						"NAME": {
							"value": "Original Spreadable 250g",
							"matchLevel": "none",
							"matchedWords": []
						},
						"BRAND": {
							"value": "Seriously",
							"matchLevel": "none",
							"matchedWords": []
						},
						"PRIMARY_TAXONOMY": {
							"AISLE_NAME": {
								"value": "Soft & Cottage <em>Cheese</em>",
								"matchLevel": "full",
								"fullyHighlighted": false,
								"matchedWords": [
									"cheese"
								]
							},
							"SHELF_NAME": {
								"value": "<em>Cheese</em> Spreads",
								"matchLevel": "full",
								"fullyHighlighted": false,
								"matchedWords": [
									"cheese"
								]
							}
						},
						"LIFESTYLES": [
							{
								"value": "Suitable for Vegetarians",
								"matchLevel": "none",
								"matchedWords": []
							}
						]
					}
				},
				{
					"ID": "1000299625292",
					"STATUS": "A",
					"PHARMACY_RESTRICTED": false,
					"CIN": "7048105",
					"START_DATE": 1712577600.0,
					"END_DATE": 1924948800.0,
					"NAME": "Dunkers Ritz Cheese Snacks 6 x 43g",
					"CS_YES": false,
					"SHOW_PRICE_CS": true,
					"SALES_TYPE": "Each",
					"IMAGE_ID": "7622201143305",
					"BRAND": "Dairylea",
					"IS_BWS": false,
					"IS_FROZEN": false,
					"IS_SPONSORED": false,
					"PRICES": {
						"EN": {
							"OFFER": "Rollback",
							"PRICE": 2.33,
							"WASPRICE": 3.12,
							"PRICEPERUOM": 9.03101,
							"PRICEPERUOMFORMATTED": "£9.03/KG"
						}
					},
					"PRIMARY_TAXONOMY": {
						"CAT_ID": "1215660378320",
						"CAT_NAME": "Chilled Food",
						"DEPT_ID": "1215341805721",
						"DEPT_NAME": "Cheese",
						"AISLE_ID": "1215341805914",
						"AISLE_NAME": "Cheese Snacks & Lunchbox",
						"SHELF_ID": "1215341810541",
						"SHELF_NAME": "Cheese Strips & Dunkers"
					},
					"IS_FTO": false,
					"PRODUCT_TYPE": "STANDARD",
					"AVG_RATING": 4.76,
					"RATING_COUNT": 50.0,
					"PACK_SIZE": "6X43G",
					"STOCK": {
						"4565": 999
					},
					"MAX_QTY": 10,
					"objectID": "7048105",
					"_highlightResult": {
						"ID": {
							"value": "1000299625292",
							"matchLevel": "none",
							"matchedWords": []
						},
						"CIN": {
							"value": "7048105",
							"matchLevel": "none",
							"matchedWords": []
						},
						"NAME": {
							"value": "Dunkers Ritz <em>Cheese</em> Snacks 6 x 43g",
							"matchLevel": "full",
							"fullyHighlighted": false,
							"matchedWords": [
								"cheese"
							]
						},
						"KEYWORDS": {
							"value": "packed lunch,<em>cheese</em> snacks",
							"matchLevel": "full",
							"fullyHighlighted": false,
							"matchedWords": [
								"cheese"
							]
						},
						"BRAND": {
							"value": "Dairylea",
							"matchLevel": "none",
							"matchedWords": []
						},
						"PRIMARY_TAXONOMY": {
							"AISLE_NAME": {
								"value": "<em>Cheese</em> Snacks & Lunchbox",
								"matchLevel": "full",
								"fullyHighlighted": false,
								"matchedWords": [
									"cheese"
								]
							},
							"SHELF_NAME": {
								"value": "<em>Cheese</em> Strips & Dunkers",
								"matchLevel": "full",
								"fullyHighlighted": false,
								"matchedWords": [
									"cheese"
								]
							}
						}
					}
				}
			],
			"nbHits": 2498,
			"page": 0,
			"nbPages": 25,
			"hitsPerPage": 100,
			"facets": {
				"BRAND": {
					"ASDA": 578,
					"ASDA Extra Special": 217,
					"The BAKERY at ASDA": 110,
					"Exceptional by ASDA": 77,
					"GU": 53,
					"Dairylea": 48,
					"Cadbury": 43,
					"Walkers": 42,
					"Cathedral City": 39,
					"JUST ESSENTIALS by ASDA": 35,
					"Philadelphia": 32,
					"Heinz": 25,
					"Regal": 25,
					"Chicago Town": 24,
					"Jacob's": 22,
					"Batchelors": 20,
					"Coleraine": 20,
					"ASDA Free From": 18,
					"Violife": 18,
					"Dromona": 16,
					"Ella's Kitchen": 13,
					"McIntosh of Strathmore": 13,
					"Castello": 12,
					"Pilgrims Choice": 12,
					"Tayto": 12,
					"Alpro": 11,
					"Barbie": 11,
					"Doritos": 11,
					"Goodfella's": 11,
					"Muller Rice": 11,
					"Primula": 11,
					"SweetZone": 11,
					"Attack A Snak": 10,
					"Bistro by ASDA": 10,
					"Boursin": 9,
					"Dolmio": 9,
					"Muller": 9,
					"OMV! Deliciously Vegan": 9,
					"Rustlers": 9,
					"Wensleydale Creamery": 9,
					"Aero": 8,
					"Applewood": 8,
					"Dragon": 8,
					"English Cheesecake Company": 8,
					"Hochland": 8,
					"Plant Based by ASDA": 8,
					"Seabrook": 8,
					"Galloway": 7,
					"Gino D'Acampo": 7,
					"Indus": 7,
					"Madina": 7,
					"Milkybar": 7,
					"Parle": 7,
					"Pimlico": 7,
					"Regal Bakery": 7,
					"Riya's": 7,
					"Strings & Things": 7,
					"The Laughing Cow": 7,
					"ASDA The Bakery": 6,
					"Arla": 6,
					"Ginsters": 6,
					"Graham's": 6,
					"Higgidy": 6,
					"Sofra": 6,
					"The Delicious Dessert Company": 6,
					"Angel Delight": 5,
					"Bonne Maman": 5,
					"Dewlay": 5,
					"Highland Fine Cheeses": 5,
					"Kiddylicious": 5,
					"Leerdammer": 5,
					"Lily O'Briens": 5,
					"Longley Farm": 5,
					"Mini Babybel": 5,
					"Mr Kipling": 5,
					"Mug Shot": 5,
					"Muller Light": 5,
					"Old El Paso": 5,
					"Organix": 5,
					"Pots & Co": 5,
					"Takeout Club by ASDA": 5,
					"This Is Proper": 5,
					"Viennetta": 5,
					"ASDA Organic": 4,
					"Baileys": 4,
					"Cheetos": 4,
					"Collier's": 4,
					"Daim": 4,
					"Dale Farm": 4,
					"Galbani": 4,
					"Golden Wonder": 4,
					"Malcolm Allan": 4,
					"Mash Direct": 4,
					"Mexicana": 4,
					"Nairn's": 4,
					"Nurishh": 4,
					"Pizza Express": 4,
					"Pringles": 4,
					"Ritz": 4,
					"Royal": 4
				},
				"NUTRITIONAL_INFO.Halal": {
					"0": 2484,
					"1": 14
				},
				"NUTRITIONAL_INFO.NoEgg": {
					"0": 2103,
					"1": 395
				},
				"NUTRITIONAL_INFO.Vegan": {
					"0": 2447,
					"1": 51
				},
				"NUTRITIONAL_INFO.Kosher": {
					"0": 2495,
					"1": 3
				},
				"NUTRITIONAL_INFO.LowFat": {
					"0": 2464,
					"1": 34
				},
				"NUTRITIONAL_INFO.NoFish": {
					"0": 1868,
					"1": 630
				},
				"NUTRITIONAL_INFO.NoMilk": {
					"0": 2452,
					"1": 46
				},
				"NUTRITIONAL_INFO.NoNuts": {
					"0": 2098,
					"1": 400
				},
				"NUTRITIONAL_INFO.NoSoya": {
					"0": 2092,
					"1": 406
				},
				"NUTRITIONAL_INFO.Ofaday": {
					"0": 2497,
					"1": 1
				},
				"NUTRITIONAL_INFO.LowSalt": {
					"0": 2313,
					"1": 185
				},
				"NUTRITIONAL_INFO.NoLupin": {
					"0": 1863,
					"1": 635
				},
				"NUTRITIONAL_INFO.LowSugar": {
					"0": 2211,
					"1": 287
				},
				"NUTRITIONAL_INFO.NoGluten": {
					"0": 2246,
					"1": 252
				},
				"NUTRITIONAL_INFO.NoSesame": {
					"0": 1902,
					"1": 596
				},
				"PRIMARY_TAXONOMY.CAT_NAME": {
					"Chilled Food": 1272,
					"Bakery": 321,
					"Food Cupboard": 275,
					"Frozen Food": 237,
					"World Food": 119,
					"Meat, Poultry & Fish": 89,
					"Baby, Toddler & Kids": 41,
					"Dietary & Lifestyle": 29,
					"Other": 26,
					"Home & Entertainment": 23,
					"Pet Food & Accessories": 23,
					"Fruit, Veg & Flowers": 13,
					"Christmas": 8,
					"Health & Wellness": 7,
					"Beer, Wine & Spirits": 3,
					"Events & Inspiration": 3,
					"Easter": 2,
					"Free From...": 2,
					"Coronation Celebration": 1,
					"Drinks": 1,
					"Summer": 1,
					"The Entertainer Toys": 1,
					"Toiletries & Beauty": 1
				},
				"NUTRITIONAL_INFO.HighFibre": {
					"0": 2485,
					"1": 13
				},
				"NUTRITIONAL_INFO.NoLactose": {
					"0": 2437,
					"1": 61
				},
				"NUTRITIONAL_INFO.NoMustard": {
					"0": 1931,
					"1": 567
				},
				"NUTRITIONAL_INFO.NoPeanuts": {
					"0": 2035,
					"1": 463
				},
				"PRIMARY_TAXONOMY.DEPT_NAME": {
					"Cheese": 700,
					"Yogurts & Desserts": 231,
					"Desserts & Cream Cakes": 218,
					"Crisps, Nuts & Popcorn": 126,
					"Party Food, Pies, Salads & Dips": 98,
					"Indian & Asian Food": 97,
					"Ready Meals": 92,
					"Pizza, Pasta & Garlic Bread": 84,
					"Meat & Poultry": 80,
					"Frozen Desserts & Pastry": 75,
					"Pizza, Garlic Bread & Party": 60,
					"Sandwiches, Snacks & Drinks": 46,
					"Cooking Sauces, Meal Kits & Sides": 39,
					"Noodle Pots & Instant Snacks": 39,
					"Baby & Toddler Food": 30,
					"Pies & Ready Meals": 30,
					"Biscuits & Crackers": 29,
					"Christmas Bakery": 28,
					"Other": 26,
					"Exceptional Bakery": 25,
					"Vegan": 18,
					"Cake Bars, Slices & Tarts": 17,
					"Frozen Christmas Food": 16,
					"Eastern European Food": 15,
					"Ice Cream Parlour": 14,
					"In Store Bakery": 14,
					"Chicken, Meat & Fish": 13,
					"Toys": 13,
					"Vegetarian & Vegan": 13,
					"Cat Food & Accessories": 12,
					"Baby, Toddler & Kids Snacks": 11,
					"Dog Food & Accessories": 11,
					"Free From": 11,
					"Jams, Spreads & Desserts": 11,
					"Milk, Butter, Cream & Eggs": 11,
					"Chocolates & Sweets": 9,
					"Home Baking": 9,
					"Vegetables & Potatoes": 9,
					"Tinned Food": 8,
					"Cooked Meat": 7,
					"Sports Nutrition": 7,
					"Bread & Rolls": 6,
					"Cakes": 6,
					"Takeaway": 6,
					"Christmas Dinner": 5,
					"Italian & Mediterranean Food": 4,
					"Meal Deals": 4,
					"Music, Film, Games & Books": 4,
					"Scones, Teacakes & Fruit Loaves": 4,
					"Bakery": 3,
					"Chips, Potatoes & Sides": 3,
					"Crumpets, Muffins & Pancakes": 3,
					"Fish & Seafood": 3,
					"Frozen World Foods": 3,
					"Salads & Stir Fry": 3,
					"African & Caribbean Food": 2,
					"Bed, Bath & Home": 2,
					"Christmas Buffet & Party Food": 2,
					"Condiments & Cooking Ingredients": 2,
					"Dairy & Eggs": 2,
					"Easter Bakery": 2,
					"Lactose Free Food & Drink": 2,
					"Tobacconist": 2,
					"Travel & Leisure": 2,
					"Valentine's Day": 2,
					"Vegetables": 2,
					"Better For You Food Cupboard": 1,
					"Chinese & Far Eastern Food": 1,
					"Christmas Bakery & Mince Pies": 1,
					"Dolls & Soft Toys": 1,
					"Fizzy Drinks": 1,
					"Frozen BBQ": 1,
					"Frozen Free From": 1,
					"Fruit": 1,
					"Gifting": 1,
					"Going to University": 1,
					"Kitchen": 1,
					"Partyware & Gifting": 1,
					"Picnic": 1,
					"Rice, Pasta & Noodles": 1,
					"Spirits": 1,
					"Street Party BBQ": 1,
					"World Foods": 1
				},
				"NUTRITIONAL_INFO.Vegetarian": {
					"0": 1995,
					"1": 503
				},
				"PRIMARY_TAXONOMY.AISLE_NAME": {
					"Desserts": 206,
					"Cheddar & Regional Cheese": 179,
					"Cheeseboard & Speciality Cheese": 100,
					"Soft & Cottage Cheese": 95,
					"Asian Desserts & Sweet Treats": 94,
					"Continental Cheese": 93,
					"Cheese Snacks & Lunchbox": 87,
					"Grated & Sliced Cheese": 84,
					"Fresh Pizza": 72,
					"Multipack Crisps": 63,
					"Cheesecakes & Trifles": 60,
					"Hot Desserts": 52,
					"Sharing Crisps": 51,
					"Food To Order 2": 50,
					"Cuisine": 42,
					"Frozen Cheesecakes & Tarts": 42,
					"Sandwiches, Snacks & Drinks": 41,
					"Custard Tarts & Cream Cakes": 40,
					"Extra Special Ready Meals": 35,
					"Pies, Quiche & Pasties": 35,
					"Family & Sharing Desserts": 33,
					"Frozen Party & Ice Cream Desserts": 31,
					"Free From Cheese": 30,
					"Desserts for Two": 29,
					"Christmas Puddings & Desserts": 27,
					"Other": 26,
					"Crackers & Rice Cakes": 24,
					"Exceptional Cookies, Cake & Desserts": 24,
					"Pasta & Sauce": 23,
					"Italian Sauces & Ingredients": 21,
					"Tapas, Olives & Antipasti": 19,
					"Free From Yogurts & Desserts": 16,
					"Frozen Desserts": 16,
					"Coleslaw, Dips, Fillers & Salads": 15,
					"Frozen Party Food": 15,
					"Party Food": 15,
					"Pasta Pots": 15,
					"Baking & Cooking Cheese": 14,
					"Eastern European Chilled Meat & Dairy": 14,
					"Sausage Rolls & Cocktail Sausages": 14,
					"Frozen Thin Crust Pizza": 13,
					"Popular Brands": 13,
					"Toys by Type": 13,
					"Cat Treats & Milk": 12,
					"Exceptional Cheese": 12,
					"Pasta, Sauce & Garlic Bread": 12,
					"Bacon, Sausages & Gammon": 11,
					"Frozen Italian Meals": 10,
					"Stage 2 (7+ Months)": 10,
					"Vegan Chilled Food": 10,
					"Yogurts & Fromage Frais": 10,
					"Bread & Rolls": 9,
					"Chicken & Turkey": 9,
					"Dog Treats, Chews & Biscuits": 9,
					"Fresh Cream & Custard": 9,
					"Frozen Deep Pan Pizza": 9,
					"Frozen Snacking, Kids & Mini Pizza": 9,
					"Frozen Takeaway & Stuffed Crust Pizza": 9,
					"Gluten Free Food & Drink": 9,
					"Ice Cream Tubs": 9,
					"Vegetarian Frozen Food": 9,
					"Bistro by ASDA": 8,
					"Mexican Meal Kits, Sauces & Sides": 8,
					"Packet Mixes": 8,
					"Baby Snacks (Under 12 months)": 7,
					"Boxed Chocolates & Gifts": 7,
					"Cake Bars & Mini Rolls": 7,
					"Protein Bars & Snacks": 7,
					"Tortilla Chips & Dips": 7,
					"Frozen Pasties & Sausage Rolls": 6,
					"Frozen Sausages & Burgers": 6,
					"Beef": 5,
					"Lower Fat Cheese": 5,
					"Lunch Ideas": 5,
					"Popular Vegan Brands": 5,
					"Tarts, Pies & Bakewells": 5,
					"The Pie Shop": 5,
					"Books": 4,
					"Bread Rolls": 4,
					"Brownies, Cookies & Shortbread": 4,
					"Cake Mixes & Baking Kits": 4,
					"Continental Meats & Pate": 4,
					"Free From Baking Ingredients": 4,
					"Frozen Chicken & Turkey": 4,
					"Frozen Garlic Bread": 4,
					"Frozen Snacking": 4,
					"Frozen Traditional Meals": 4,
					"Lunchbox Minis & Biscuit Bars": 4,
					"Organic Yogurts & Desserts": 4,
					"Pies & Tinned Meals": 4,
					"Take Out Club Pizza Meal Deal": 4,
					"Takeaway Snacks & Sides": 4,
					"Vegan Frozen Food": 4,
					"View All Desserts & Cream Cakes": 4,
					"Broccoli & Cauliflower": 3,
					"Cheeseboard & Crackers": 3,
					"Cookies, Donuts & Scones": 3,
					"Dessert Mixes": 3,
					"Frozen World Foods": 3,
					"Indian & Asian Savoury Snacks": 3
				},
				"PRIMARY_TAXONOMY.SHELF_NAME": {
					"Asian Desserts & Sweet Treats": 94,
					"Chocolate & Caramel Desserts": 92,
					"Cheesecakes & Trifles": 60,
					"Cheese Slices": 58,
					"Mature Cheese": 58,
					"Hot Desserts": 52,
					"Soft Cheese": 52,
					"Food To Order 2": 50,
					"Small Multipack Crisps (4-8 packs)": 48,
					"Fruit, Flavoured & Smoked": 46,
					"Cheese Snacking": 45,
					"Sharing Crisps": 45,
					"Frozen Cheesecakes & Tarts": 42,
					"Cheesecakes": 40,
					"Custard Tarts & Cream Cakes": 40,
					"Blue & Stilton": 39,
					"Pizza Counter": 38,
					"Mousse": 35,
					"Cheese Strips & Dunkers": 33,
					"Family & Sharing Desserts": 33,
					"Mild & Medium Cheese": 33,
					"Extra Special Starters, Sides & Desserts": 32,
					"Frozen Party & Ice Cream Desserts": 31,
					"Brie & Camembert": 29,
					"Desserts for Two": 29,
					"Extra Mature & Vintage Cheese": 29,
					"Feta, Halloumi & Salad": 29,
					"Cheese Spreads": 27,
					"Christmas Puddings & Desserts": 27,
					"Parmesan & Hard Cheese": 27,
					"Vegan Cheese Alternative": 27,
					"Grated & Sliced Cheese": 26,
					"Grated Cheese": 26,
					"Boxed Pizza": 25,
					"Exceptional Cookies, Cake & Desserts": 24,
					"Pasta & Sauce": 23,
					"Chilled Rice Pudding": 18,
					"White Regional Cheese": 18,
					"Sandwiches, Salads & Sushi": 17,
					"White & Cheese Sauces": 17,
					"British": 16,
					"Cottage Cheese & Quark": 16,
					"Frozen Desserts": 16,
					"Snacks": 16,
					"Starters & Sides": 16,
					"Dairy Free Yogurts & Desserts": 15,
					"Frozen Party Food": 15,
					"Mozzarella & Mascarpone": 15,
					"Pasta Pots": 15,
					"Red Leicester & Gloucester": 15,
					"Trifles & Sundaes": 15,
					"Baking & Cooking Cheese": 14,
					"Large Multipack Crisps (10+ packs)": 14,
					"Party Food": 14,
					"Pasties & Slices": 14,
					"Tapas & Antipasti": 14,
					"Eastern European Chilled Dairy": 13,
					"Frozen Thin Crust Pizza": 13,
					"Exceptional Cheese": 12,
					"Pies": 12,
					"Cat Biscuit Treats": 10,
					"Cheese & Vegetarian Rolls": 10,
					"Italian Meals": 10,
					"Quiche & Tarts": 10,
					"Sausages": 10,
					"Bread & Rolls": 9,
					"Cheese Triangles": 9,
					"Frozen Deep Pan Pizza": 9,
					"Frozen Snacking, Kids & Mini Pizza": 9,
					"Frozen Takeaway & Stuffed Crust Pizza": 9,
					"Single, Double & Whipping": 9,
					"Bistro by ASDA": 8,
					"Cream Crackers": 8,
					"Gluten Free Food Cupboard": 8,
					"Microwaveable Snacks": 8,
					"Pour Over Sauces": 8,
					"Sheep & Goat Cheese": 8,
					"Snacking & Sides": 8,
					"Vegan Cheese & Spreads": 8,
					"Baby Snacks (Under 12 Months)": 7,
					"Boxes of Chocolates": 7,
					"Cake Bars & Mini Rolls": 7,
					"Dolls & Soft Toys": 7,
					"Dummy Shelf new 3": 7,
					"Protein Bars & Snacks": 7,
					"Tortilla Chips & Dips": 7,
					"Chilled Dips": 6,
					"Ella's Kitchen Baby Food": 6,
					"Frozen Pasties & Sausage Rolls": 6,
					"Olives": 6,
					"Sandwich Fillers": 6,
					"Sausages & Burgers": 6,
					"Chicken Breasts": 5,
					"Dummy Shelf New 4": 5,
					"Flavoured & Multi Grain Crackers": 5,
					"Italian & Mediterranean": 5,
					"Jars & Pots": 5,
					"Lower Fat Cheese": 5,
					"Lunch Ideas": 5,
					"Luxury Ice Cream Tubs": 5
				},
				"NUTRITIONAL_INFO.NoShellfish": {
					"0": 1865,
					"1": 633
				},
				"NUTRITIONAL_INFO.SourceofFibre": {
					"0": 2415,
					"1": 83
				},
				"NUTRITIONAL_INFO.LowSaturatedFat": {
					"0": 2468,
					"1": 30
				},
				"NUTRITIONAL_INFO.NoCeleryincludingceleriac": {
					"0": 1898,
					"1": 600
				}
			},
			"facets_stats": {
				"BRAND": {
					"min": 9500025,
					"max": 9500025,
					"avg": 9500025,
					"sum": 9500025
				},
				"NUTRITIONAL_INFO.Halal": {
					"min": 0,
					"max": 1,
					"avg": 0,
					"sum": 14
				},
				"NUTRITIONAL_INFO.NoEgg": {
					"min": 0,
					"max": 1,
					"avg": 0,
					"sum": 395
				},
				"NUTRITIONAL_INFO.Vegan": {
					"min": 0,
					"max": 1,
					"avg": 0,
					"sum": 51
				},
				"NUTRITIONAL_INFO.Kosher": {
					"min": 0,
					"max": 1,
					"avg": 0,
					"sum": 3
				},
				"NUTRITIONAL_INFO.LowFat": {
					"min": 0,
					"max": 1,
					"avg": 0,
					"sum": 34
				},
				"NUTRITIONAL_INFO.NoFish": {
					"min": 0,
					"max": 1,
					"avg": 0,
					"sum": 630
				},
				"NUTRITIONAL_INFO.NoMilk": {
					"min": 0,
					"max": 1,
					"avg": 0,
					"sum": 46
				},
				"NUTRITIONAL_INFO.NoNuts": {
					"min": 0,
					"max": 1,
					"avg": 0,
					"sum": 400
				},
				"NUTRITIONAL_INFO.NoSoya": {
					"min": 0,
					"max": 1,
					"avg": 0,
					"sum": 406
				},
				"NUTRITIONAL_INFO.Ofaday": {
					"min": 0,
					"max": 1,
					"avg": 0,
					"sum": 1
				},
				"NUTRITIONAL_INFO.LowSalt": {
					"min": 0,
					"max": 1,
					"avg": 0,
					"sum": 185
				},
				"NUTRITIONAL_INFO.NoLupin": {
					"min": 0,
					"max": 1,
					"avg": 0,
					"sum": 635
				},
				"NUTRITIONAL_INFO.LowSugar": {
					"min": 0,
					"max": 1,
					"avg": 0,
					"sum": 287
				},
				"NUTRITIONAL_INFO.NoGluten": {
					"min": 0,
					"max": 1,
					"avg": 0,
					"sum": 252
				},
				"NUTRITIONAL_INFO.NoSesame": {
					"min": 0,
					"max": 1,
					"avg": 0,
					"sum": 596
				},
				"NUTRITIONAL_INFO.HighFibre": {
					"min": 0,
					"max": 1,
					"avg": 0,
					"sum": 13
				},
				"NUTRITIONAL_INFO.NoLactose": {
					"min": 0,
					"max": 1,
					"avg": 0,
					"sum": 61
				},
				"NUTRITIONAL_INFO.NoMustard": {
					"min": 0,
					"max": 1,
					"avg": 0,
					"sum": 567
				},
				"NUTRITIONAL_INFO.NoPeanuts": {
					"min": 0,
					"max": 1,
					"avg": 0,
					"sum": 463
				},
				"NUTRITIONAL_INFO.Vegetarian": {
					"min": 0,
					"max": 1,
					"avg": 0,
					"sum": 503
				},
				"NUTRITIONAL_INFO.NoShellfish": {
					"min": 0,
					"max": 1,
					"avg": 0,
					"sum": 633
				},
				"NUTRITIONAL_INFO.SourceofFibre": {
					"min": 0,
					"max": 1,
					"avg": 0,
					"sum": 83
				},
				"NUTRITIONAL_INFO.LowSaturatedFat": {
					"min": 0,
					"max": 1,
					"avg": 0,
					"sum": 30
				},
				"NUTRITIONAL_INFO.NoCeleryincludingceleriac": {
					"min": 0,
					"max": 1,
					"avg": 0,
					"sum": 600
				}
			},
			"exhaustiveFacetsCount": true,
			"exhaustiveNbHits": true,
			"exhaustiveTypo": true,
			"exhaustive": {
				"facetsCount": true,
				"nbHits": true,
				"typo": true
			},
			"query": "cheese",
			"params": "query=cheese&clickAnalytics=false&analytics=false&hitsPerPage=100&page=0&typoTolerance=true&removeWordsIfNoResults=allOptional&attributesToRetrieve=%5B%22STATUS%22%2C%22BRAND%22%2C%22CIN%22%2C%22NAME%22%2C%22AVG_RATING%22%2C%22RATING_COUNT%22%2C%22ICONS%22%2C%22PRICES.EN%22%2C%22SALES_TYPE%22%2C%22MAX_QTY%22%2C%22STOCK.4565%22%2C%22IS_FROZEN%22%2C%22IS_BWS%22%2C%22PROMOS.EN%22%2C%22LABEL%22%2C%22LABEL_START_DATE%22%2C%22LABEL_END_DATE%22%2C%22IS_SPONSORED%22%2C%22PRODUCT_TYPE%22%2C%22CIN_ID%22%2C%22PRIMARY_TAXONOMY%22%2C%22IMAGE_ID%22%2C%22PACK_SIZE%22%2C%22PHARMACY_RESTRICTED%22%2C%22CS_YES%22%2C%22CS_TEXT%22%2C%22IS_FTO%22%2C%22PURCHASE_START_DATE_FTO%22%2C%22PURCHASE_END_DATE_FTO%22%2C%22DELIVERY_SLOT_START_DATE_FTO%22%2C%22END_DATE%22%2C%22START_DATE%22%2C%22SIZE_DESC%22%2C%22REWARDS%22%2C%22SHOW_PRICE_CS%22%2C%22ID%22%5D&facets=%5B%22BRAND%22%2C%22NUTRITIONAL_INFO.*%22%2C%22PRIMARY_TAXONOMY.*%22%5D&&analyticsTags=%5B%22ext-alg%23query-category%3Aquery-matched%22%2C%22ext-alg%23auto-filter%3Aenabled%22%5D",
			"index": "ASDA_PRODUCTS",
			"renderingContent": {},
			"extensions": {
				"queryCategorization": {
					"autofiltering": {
						"enabled": true,
						"maxDepth": 5,
						"facetFilters": [],
						"optionalFilters": []
					},
					"count": 637904,
					"normalizedQuery": "cheese"
				}
			},
			"processingTimeMS": 13,
			"processingTimingsMS": {
				"_request": {
					"roundTrip": 9
				},
				"afterFetch": {
					"format": {
						"highlighting": 1,
						"total": 12
					},
					"merge": {
						"entries": {
							"parse": 4,
							"total": 5
						},
						"mergeLoop": {
							"total": 5
						},
						"total": 5
					},
					"total": 6
				},
				"extensions": 1,
				"extractDocsToPromote": 1,
				"fetch": {
					"total": 2
				},
				"total": 13
			},
			"serverTimeMS": 26
		}
	]
}