POST https://8i6wskccnv-dsn.algolia.net/1/indexes/*/queries?x-algolia-agent=Algolia for JavaScript (4.23.3); Browser; autocomplete-core (1.17.0); autocomplete-js (1.17.0)

REQUEST BODY {"requests":[{"indexName":"Products_query_suggestions","query":"cheese","params":"hitsPerPage=8&highlightPreTag=__aa-highlight__&highlightPostTag=__%2Faa-highlight__&query=cheese&clickAnalytics=true&analytics=true"},{"indexName":"ASDA_PRODUCTS","query":"cheese","params":"hitsPerPage=10&highlightPreTag=__aa-highlight__&highlightPostTag=__%2Faa-highlight__&attributesToSnippet=%5B%22name%3A10%22%5D&snippetEllipsisText=%E2%80%A6&optionalFilters=%5B%5D&filters=(STATUS%3AA%20OR%20STATUS%3AI)%20AND%20NOT%20DISPLAY_ONLINE%3Afalse%20AND%20NOT%20UNTRAITED_STORES%3A4565%20AND%20STOCK.4565%20%3E%200%20AND%20(IS_FTO%3D0%20OR%20PURCHASE_END_DATE_FTO%20%3E%201758459842)%20AND%20(START_DATE%3C1758459842%20OR%20CS_YES%3D1)%20AND%20END_DATE%3E1758459842%20AND%20NOT%20PRODUCT_TYPE%3ABundle&clickAnalytics=true&analytics=true&attributesToRetrieve=%5B%22STATUS%22%2C%22BRAND%22%2C%22CIN%22%2C%22NAME%22%2C%22AVG_RATING%22%2C%22RATING_COUNT%22%2C%22ICONS%22%2C%22PRICES.EN%22%2C%22SALES_TYPE%22%2C%22MAX_QTY%22%2C%22STOCK.4565%22%2C%22IS_FROZEN%22%2C%22IS_BWS%22%2C%22PROMOS.EN%22%2C%22LABEL%22%2C%22LABEL_START_DATE%22%2C%22LABEL_END_DATE%22%2C%22IS_SPONSORED%22%2C%22PRODUCT_TYPE%22%2C%22CIN_ID%22%2C%22PRIMARY_TAXONOMY%22%2C%22IMAGE_ID%22%2C%22PACK_SIZE%22%2C%22PHARMACY_RESTRICTED%22%2C%22CS_YES%22%2C%22CS_TEXT%22%2C%22IS_FTO%22%2C%22PURCHASE_START_DATE_FTO%22%2C%22PURCHASE_END_DATE_FTO%22%2C%22DELIVERY_SLOT_START_DATE_FTO%22%2C%22END_DATE%22%2C%22START_DATE%22%2C%22SIZE_DESC%22%2C%22REWARDS%22%2C%22SHOW_PRICE_CS%22%5D"}]}


{"results":[{"hits":[{"ID":"910000455372","STATUS":"A","PHARMACY_RESTRICTED":false,"CIN":"3658568","START_DATE":-2208945600.0,"END_DATE":1924948800.0,"NAME":"Mature Cheddar Cheese","CS_YES":false,"SHOW_PRICE_CS":true,"SALES_TYPE":"Each","IMAGE_ID":"5000295142893","BRAND":"Cathedral City","IS_BWS":false,"IS_FROZEN":false,"IS_SPONSORED":false,"PRICES":{"EN":{"OFFER":"Rollback","PRICE":2.93,"WASPRICE":3.58,"PRICEPERUOM":8.37143,"PRICEPERUOMFORMATTED":"£8.37/KG"}},"PRIMARY_TAXONOMY":{"CAT_ID":"1215660378320","CAT_NAME":"Chilled Food","DEPT_ID":"1215341805721","DEPT_NAME":"Cheese","AISLE_ID":"1215341805765","AISLE_NAME":"Cheddar & Regional Cheese","SHELF_ID":"1215341808760","SHELF_NAME":"Mature Cheese"},"IS_FTO":false,"PRODUCT_TYPE":"STANDARD","AVG_RATING":4.7652,"RATING_COUNT":328.0,"ICONS":[{"ID":"55200006","ICON_NAME":"_008_RedTractorAUTO","CLICKABLE":true,"IMAGE_URL":"https://ui.assets-asda.com/dm/_008_redtractor?&$icon-wapp$","START_DATE":1609329600,"END_DATE":1682510400,"PRIORITY":5354.0}],"PACK_SIZE":"350G","STOCK":{"4565":999},"MAX_QTY":10,"objectID":"3658568","_highlightResult":{"ID":{"value":"910000455372","matchLevel":"none","matchedWords":[]},"CIN":{"value":"3658568","matchLevel":"none","matchedWords":[]},"NAME":{"value":"Mature Cheddar <em>Cheese</em>","matchLevel":"full","fullyHighlighted":false,"matchedWords":["cheese"]},"BRAND":{"value":"Cathedral City","matchLevel":"none","matchedWords":[]},"PRIMARY_TAXONOMY":{"AISLE_NAME":{"value":"Cheddar & Regional <em>Cheese</em>","matchLevel":"full","fullyHighlighted":false,"matchedWords":["cheese"]},"SHELF_NAME":{"value":"Mature <em>Cheese</em>","matchLevel":"full","fullyHighlighted":false,"matchedWords":["cheese"]}},"LIFESTYLES":[{"value":"Suitable for Vegetarians","matchLevel":"none","matchedWords":[]}]}},{"ID":"910001183647","STATUS":"A","PHARMACY_RESTRICTED":false,"CIN":"4450493","START_DATE":-2208945600.0,"END_DATE":1924948800.0,"NAME":"Grated Cheddar 500g","CS_YES":false,"SHOW_PRICE_CS":true,"SALES_TYPE":"Each","IMAGE_ID":"5054070071311","BRAND":"JUST ESSENTIALS by ASDA","IS_BWS":false,"IS_FROZEN":false,"IS_SPONSORED":false,"PRICES":{"EN":{"OFFER":"List","PRICE":2.99,"PRICEPERUOM":5.98,"PRICEPERUOMFORMATTED":"£5.98/KG"}},"PRIMARY_TAXONOMY":{"CAT_ID":"1215660378320","CAT_NAME":"Chilled Food","DEPT_ID":"1215341805721","DEPT_NAME":"Cheese","AISLE_ID":"1215341805765","AISLE_NAME":"Cheddar & Regional Cheese","SHELF_ID":"1215626750653","SHELF_NAME":"Grated & Sliced Cheese"},"IS_FTO":false,"PRODUCT_TYPE":"STANDARD","AVG_RATING":3.5645,"RATING_COUNT":186.0,"ICONS":[{"ID":"51000002","ICON_NAME":"801_NoShellfish","CLICKABLE":false,"IMAGE_URL":"https://ui.assets-asda.com/dm/_000_Icon?&$Icon-wapp$","START_DATE":1551700800,"END_DATE":1551873600,"PRIORITY":10440.0},{"ID":"55200006","ICON_NAME":"_008_RedTractorAUTO","CLICKABLE":true,"IMAGE_URL":"https://ui.assets-asda.com/dm/_008_redtractor?&$icon-wapp$","START_DATE":1609329600,"END_DATE":1682510400,"PRIORITY":5354.0}],"PACK_SIZE":"500G","STOCK":{"4565":999},"MAX_QTY":24,"objectID":"4450493","_highlightResult":{"ID":{"value":"910001183647","matchLevel":"none","matchedWords":[]},"CIN":{"value":"4450493","matchLevel":"none","matchedWords":[]},"NAME":{"value":"Grated Cheddar 500g","matchLevel":"none","matchedWords":[]},"BRAND":{"value":"JUST ESSENTIALS by ASDA","matchLevel":"none","matchedWords":[]},"PRIMARY_TAXONOMY":{"AISLE_NAME":{"value":"Cheddar & Regional <em>Cheese</em>","matchLevel":"full","fullyHighlighted":false,"matchedWords":["cheese"]},"SHELF_NAME":{"value":"Grated & Sliced <em>Cheese</em>","matchLevel":"full","fullyHighlighted":false,"matchedWords":["cheese"]}},"LIFESTYLES":[{"value":"Suitable for Vegetarians","matchLevel":"none","matchedWords":[]}]}},{"ID":"910001256210","STATUS":"A","PHARMACY_RESTRICTED":false,"CIN":"4545233","START_DATE":-2208945600.0,"END_DATE":1924948800.0,"NAME":"British 10 Mature Cheddar Cheese Slices","CS_YES":false,"SHOW_PRICE_CS":true,"SALES_TYPE":"Each","IMAGE_ID":"5054070150351","BRAND":"ASDA","IS_BWS":false,"IS_FROZEN":false,"IS_SPONSORED":false,"PRICES":{"EN":{"OFFER":"List","PRICE":2.54,"PRICEPERUOM":10.16,"PRICEPERUOMFORMATTED":"£10.16/KG"}},"PRIMARY_TAXONOMY":{"CAT_ID":"1215660378320","CAT_NAME":"Chilled Food","DEPT_ID":"1215341805721","DEPT_NAME":"Cheese","AISLE_ID":"1215341805765","AISLE_NAME":"Cheddar & Regional Cheese","SHELF_ID":"1215626750653","SHELF_NAME":"Grated & Sliced Cheese"},"IS_FTO":false,"PRODUCT_TYPE":"STANDARD","AVG_RATING":4.3101,"RATING_COUNT":129.0,"PROMOS":{"EN":[{"ID":"10000479757","NAME":"Any 2 for £4.48","END_DATE":1767225599.0,"START_DATE":1755820800.0,"TYPE":15}]},"ICONS":[{"ID":"51000002","ICON_NAME":"801_NoShellfish","CLICKABLE":false,"IMAGE_URL":"https://ui.assets-asda.com/dm/_000_Icon?&$Icon-wapp$","START_DATE":1551700800,"END_DATE":1551873600,"PRIORITY":10440.0},{"ID":"55200006","ICON_NAME":"_008_RedTractorAUTO","CLICKABLE":true,"IMAGE_URL":"https://ui.assets-asda.com/dm/_008_redtractor?&$icon-wapp$","START_DATE":1609329600,"END_DATE":1682510400,"PRIORITY":5354.0},{"ID":"1215429129918","ICON_NAME":"_043_British","CLICKABLE":true,"IMAGE_URL":"https://ui.assets-asda.com/dm/_043_british?","END_DATE":1682510400,"PRIORITY":5435.0},{"ID":"1215559958453","ICON_NAME":"_122_farmerowned","CLICKABLE":true,"IMAGE_URL":"https://ui.assets-asda.com/dm/_122_farmerowned?","END_DATE":1682510400,"PRIORITY":1562.0}],"PACK_SIZE":"250G","STOCK":{"4565":999},"MAX_QTY":10,"objectID":"4545233","_highlightResult":{"ID":{"value":"910001256210","matchLevel":"none","matchedWords":[]},"CIN":{"value":"4545233","matchLevel":"none","matchedWords":[]},"NAME":{"value":"British 10 Mature Cheddar <em>Cheese</em> Slices","matchLevel":"full","fullyHighlighted":false,"matchedWords":["cheese"]},"KEYWORDS":{"value":"packed lunch,burger <em>cheese</em>,pack lunch,sandwich fillings","matchLevel":"full","fullyHighlighted":false,"matchedWords":["cheese"]},"BRAND":{"value":"ASDA","matchLevel":"none","matchedWords":[]},"PRIMARY_TAXONOMY":{"AISLE_NAME":{"value":"Cheddar & Regional <em>Cheese</em>","matchLevel":"full","fullyHighlighted":false,"matchedWords":["cheese"]},"SHELF_NAME":{"value":"Grated & Sliced <em>Cheese</em>","matchLevel":"full","fullyHighlighted":false,"matchedWords":["cheese"]}},"LIFESTYLES":[{"value":"Suitable for Vegetarians","matchLevel":"none","matchedWords":[]}]}},{"ID":"1000383142979","STATUS":"A","PHARMACY_RESTRICTED":false,"CIN":"7498003","START_DATE":1673438400.0,"END_DATE":1924948800.0,"NAME":"Mature White Cheddar Cheese","CS_YES":false,"SHOW_PRICE_CS":true,"SALES_TYPE":"Each","IMAGE_ID":"5063089019818","BRAND":"JUST ESSENTIALS by ASDA","IS_BWS":false,"IS_FROZEN":false,"IS_SPONSORED":false,"PRICES":{"EN":{"OFFER":"List","PRICE":2.79,"PRICEPERUOM":6.975,"PRICEPERUOMFORMATTED":"£6.98/KG"}},"PRIMARY_TAXONOMY":{"CAT_ID":"1215660378320","CAT_NAME":"Chilled Food","DEPT_ID":"1215341805721","DEPT_NAME":"Cheese","AISLE_ID":"1215341805765","AISLE_NAME":"Cheddar & Regional Cheese","SHELF_ID":"1215341808760","SHELF_NAME":"Mature Cheese"},"IS_FTO":false,"PRODUCT_TYPE":"STANDARD","AVG_RATING":2.525,"RATING_COUNT":80.0,"ICONS":[{"ID":"51000002","ICON_NAME":"801_NoShellfish","CLICKABLE":false,"IMAGE_URL":"https://ui.assets-asda.com/dm/_000_Icon?&$Icon-wapp$","START_DATE":1551700800,"END_DATE":1551873600,"PRIORITY":10440.0}],"PACK_SIZE":"400G","STOCK":{"4565":999},"MAX_QTY":10,"objectID":"7498003","_highlightResult":{"ID":{"value":"1000383142979","matchLevel":"none","matchedWords":[]},"CIN":{"value":"7498003","matchLevel":"none","matchedWords":[]},"NAME":{"value":"Mature White Cheddar <em>Cheese</em>","matchLevel":"full","fullyHighlighted":false,"matchedWords":["cheese"]},"BRAND":{"value":"JUST ESSENTIALS by ASDA","matchLevel":"none","matchedWords":[]},"PRIMARY_TAXONOMY":{"AISLE_NAME":{"value":"Cheddar & Regional <em>Cheese</em>","matchLevel":"full","fullyHighlighted":false,"matchedWords":["cheese"]},"SHELF_NAME":{"value":"Mature <em>Cheese</em>","matchLevel":"full","fullyHighlighted":false,"matchedWords":["cheese"]}},"LIFESTYLES":[{"value":"Suitable for Vegetarians","matchLevel":"none","matchedWords":[]}]}},{"ID":"910001331807","STATUS":"A","PHARMACY_RESTRICTED":false,"CIN":"4642107","START_DATE":-2208945600.0,"END_DATE":1924948800.0,"NAME":"British Mature Grated Cheddar 250g","CS_YES":false,"SHOW_PRICE_CS":true,"SALES_TYPE":"Each","IMAGE_ID":"5054070275603","BRAND":"ASDA","IS_BWS":false,"IS_FROZEN":false,"IS_SPONSORED":false,"PRICES":{"EN":{"OFFER":"List","PRICE":2.54,"PRICEPERUOM":10.16,"PRICEPERUOMFORMATTED":"£10.16/KG"}},"PRIMARY_TAXONOMY":{"CAT_ID":"1215660378320","CAT_NAME":"Chilled Food","DEPT_ID":"1215341805721","DEPT_NAME":"Cheese","AISLE_ID":"1215341805765","AISLE_NAME":"Cheddar & Regional Cheese","SHELF_ID":"1215626750653","SHELF_NAME":"Grated & Sliced Cheese"},"IS_FTO":false,"PRODUCT_TYPE":"STANDARD","AVG_RATING":4.401,"RATING_COUNT":192.0,"PROMOS":{"EN":[{"ID":"10000479757","NAME":"Any 2 for £4.48","END_DATE":1767225599.0,"START_DATE":1755820800.0,"TYPE":15}]},"ICONS":[{"ID":"51000002","ICON_NAME":"801_NoShellfish","CLICKABLE":false,"IMAGE_URL":"https://ui.assets-asda.com/dm/_000_Icon?&$Icon-wapp$","START_DATE":1551700800,"END_DATE":1551873600,"PRIORITY":10440.0},{"ID":"55200006","ICON_NAME":"_008_RedTractorAUTO","CLICKABLE":true,"IMAGE_URL":"https://ui.assets-asda.com/dm/_008_redtractor?&$icon-wapp$","START_DATE":1609329600,"END_DATE":1682510400,"PRIORITY":5354.0},{"ID":"1215429129918","ICON_NAME":"_043_British","CLICKABLE":true,"IMAGE_URL":"https://ui.assets-asda.com/dm/_043_british?","END_DATE":1682510400,"PRIORITY":5435.0},{"ID":"1215559958453","ICON_NAME":"_122_farmerowned","CLICKABLE":true,"IMAGE_URL":"https://ui.assets-asda.com/dm/_122_farmerowned?","END_DATE":1682510400,"PRIORITY":1562.0}],"PACK_SIZE":"250G","STOCK":{"4565":999},"MAX_QTY":10,"objectID":"4642107","_highlightResult":{"ID":{"value":"910001331807","matchLevel":"none","matchedWords":[]},"CIN":{"value":"4642107","matchLevel":"none","matchedWords":[]},"NAME":{"value":"British Mature Grated Cheddar 250g","matchLevel":"none","matchedWords":[]},"BRAND":{"value":"ASDA","matchLevel":"none","matchedWords":[]},"PRIMARY_TAXONOMY":{"AISLE_NAME":{"value":"Cheddar & Regional <em>Cheese</em>","matchLevel":"full","fullyHighlighted":false,"matchedWords":["cheese"]},"SHELF_NAME":{"value":"Grated & Sliced <em>Cheese</em>","matchLevel":"full","fullyHighlighted":false,"matchedWords":["cheese"]}},"LIFESTYLES":[{"value":"Suitable for Vegetarians","matchLevel":"none","matchedWords":[]}]}},{"ID":"1000242609281","STATUS":"A","PHARMACY_RESTRICTED":false,"CIN":"6793868","START_DATE":1603195200.0,"END_DATE":1924948800.0,"NAME":"British Mature Cheddar Cheese 400g","CS_YES":false,"SHOW_PRICE_CS":true,"SALES_TYPE":"Each","IMAGE_ID":"5057172404711","BRAND":"ASDA","IS_BWS":false,"IS_FROZEN":false,"IS_SPONSORED":false,"PRICES":{"EN":{"OFFER":"List","PRICE":3.24,"PRICEPERUOM":8.1,"PRICEPERUOMFORMATTED":"£8.10/KG"}},"PRIMARY_TAXONOMY":{"CAT_ID":"1215660378320","CAT_NAME":"Chilled Food","DEPT_ID":"1215341805721","DEPT_NAME":"Cheese","AISLE_ID":"1215341805765","AISLE_NAME":"Cheddar & Regional Cheese","SHELF_ID":"1215341808760","SHELF_NAME":"Mature Cheese"},"IS_FTO":false,"PRODUCT_TYPE":"STANDARD","AVG_RATING":4.5992,"RATING_COUNT":252.0,"ICONS":[{"ID":"51000002","ICON_NAME":"801_NoShellfish","CLICKABLE":false,"IMAGE_URL":"https://ui.assets-asda.com/dm/_000_Icon?&$Icon-wapp$","START_DATE":1551700800,"END_DATE":1551873600,"PRIORITY":10440.0},{"ID":"55200006","ICON_NAME":"_008_RedTractorAUTO","CLICKABLE":true,"IMAGE_URL":"https://ui.assets-asda.com/dm/_008_redtractor?&$icon-wapp$","START_DATE":1609329600,"END_DATE":1682510400,"PRIORITY":5354.0},{"ID":"1215429129918","ICON_NAME":"_043_British","CLICKABLE":true,"IMAGE_URL":"https://ui.assets-asda.com/dm/_043_british?","END_DATE":1682510400,"PRIORITY":5435.0},{"ID":"1215559958453","ICON_NAME":"_122_farmerowned","CLICKABLE":true,"IMAGE_URL":"https://ui.assets-asda.com/dm/_122_farmerowned?","END_DATE":1682510400,"PRIORITY":1562.0}],"PACK_SIZE":"400G","STOCK":{"4565":999},"MAX_QTY":10,"objectID":"6793868","_highlightResult":{"ID":{"value":"1000242609281","matchLevel":"none","matchedWords":[]},"CIN":{"value":"6793868","matchLevel":"none","matchedWords":[]},"NAME":{"value":"British Mature Cheddar <em>Cheese</em> 400g","matchLevel":"full","fullyHighlighted":false,"matchedWords":["cheese"]},"BRAND":{"value":"ASDA","matchLevel":"none","matchedWords":[]},"PRIMARY_TAXONOMY":{"AISLE_NAME":{"value":"Cheddar & Regional <em>Cheese</em>","matchLevel":"full","fullyHighlighted":false,"matchedWords":["cheese"]},"SHELF_NAME":{"value":"Mature <em>Cheese</em>","matchLevel":"full","fullyHighlighted":false,"matchedWords":["cheese"]}},"LIFESTYLES":[{"value":"Suitable for Vegetarians","matchLevel":"none","matchedWords":[]}]}},{"ID":"1000094333951","STATUS":"A","PHARMACY_RESTRICTED":false,"CIN":"6300085","START_DATE":1704196800.0,"END_DATE":1924948800.0,"NAME":"Mature White Cheddar 825g","CS_YES":false,"SHOW_PRICE_CS":true,"SALES_TYPE":"Each","IMAGE_ID":"5057172016075","BRAND":"JUST ESSENTIALS by ASDA","IS_BWS":false,"IS_FROZEN":false,"IS_SPONSORED":false,"PRICES":{"EN":{"OFFER":"List","PRICE":4.57,"PRICEPERUOM":5.53939,"PRICEPERUOMFORMATTED":"£5.54/KG"}},"PRIMARY_TAXONOMY":{"CAT_ID":"1215660378320","CAT_NAME":"Chilled Food","DEPT_ID":"1215341805721","DEPT_NAME":"Cheese","AISLE_ID":"1215341805765","AISLE_NAME":"Cheddar & Regional Cheese","SHELF_ID":"1215341808760","SHELF_NAME":"Mature Cheese"},"IS_FTO":false,"PRODUCT_TYPE":"STANDARD","AVG_RATING":4.0904,"RATING_COUNT":188.0,"ICONS":[{"ID":"51000002","ICON_NAME":"801_NoShellfish","CLICKABLE":false,"IMAGE_URL":"https://ui.assets-asda.com/dm/_000_Icon?&$Icon-wapp$","START_DATE":1551700800,"END_DATE":1551873600,"PRIORITY":10440.0},{"ID":"55200006","ICON_NAME":"_008_RedTractorAUTO","CLICKABLE":true,"IMAGE_URL":"https://ui.assets-asda.com/dm/_008_redtractor?&$icon-wapp$","START_DATE":1609329600,"END_DATE":1682510400,"PRIORITY":5354.0}],"PACK_SIZE":"825G","STOCK":{"4565":999},"MAX_QTY":10,"objectID":"6300085","_highlightResult":{"ID":{"value":"1000094333951","matchLevel":"none","matchedWords":[]},"CIN":{"value":"6300085","matchLevel":"none","matchedWords":[]},"NAME":{"value":"Mature White Cheddar 825g","matchLevel":"none","matchedWords":[]},"BRAND":{"value":"JUST ESSENTIALS by ASDA","matchLevel":"none","matchedWords":[]},"PRIMARY_TAXONOMY":{"AISLE_NAME":{"value":"Cheddar & Regional <em>Cheese</em>","matchLevel":"full","fullyHighlighted":false,"matchedWords":["cheese"]},"SHELF_NAME":{"value":"Mature <em>Cheese</em>","matchLevel":"full","fullyHighlighted":false,"matchedWords":["cheese"]}},"LIFESTYLES":[{"value":"Suitable for Vegetarians","matchLevel":"none","matchedWords":[]}]}},{"ID":"1000383143082","STATUS":"A","PHARMACY_RESTRICTED":false,"CIN":"7498007","START_DATE":1673524800.0,"END_DATE":1924948800.0,"NAME":"Red Leicester Cheese","CS_YES":false,"SHOW_PRICE_CS":true,"SALES_TYPE":"Each","IMAGE_ID":"5063089019856","BRAND":"JUST ESSENTIALS by ASDA","IS_BWS":false,"IS_FROZEN":false,"IS_SPONSORED":false,"PRICES":{"EN":{"OFFER":"List","PRICE":2.79,"PRICEPERUOM":6.975,"PRICEPERUOMFORMATTED":"£6.98/KG"}},"PRIMARY_TAXONOMY":{"CAT_ID":"1215660378320","CAT_NAME":"Chilled Food","DEPT_ID":"1215341805721","DEPT_NAME":"Cheese","AISLE_ID":"1215341805765","AISLE_NAME":"Cheddar & Regional Cheese","SHELF_ID":"1215341808998","SHELF_NAME":"Red Leicester & Gloucester"},"IS_FTO":false,"PRODUCT_TYPE":"STANDARD","AVG_RATING":2.9231,"RATING_COUNT":26.0,"ICONS":[{"ID":"51000002","ICON_NAME":"801_NoShellfish","CLICKABLE":false,"IMAGE_URL":"https://ui.assets-asda.com/dm/_000_Icon?&$Icon-wapp$","START_DATE":1551700800,"END_DATE":1551873600,"PRIORITY":10440.0}],"PACK_SIZE":"400G","STOCK":{"4565":999},"MAX_QTY":10,"objectID":"7498007","_highlightResult":{"ID":{"value":"1000383143082","matchLevel":"none","matchedWords":[]},"CIN":{"value":"7498007","matchLevel":"none","matchedWords":[]},"NAME":{"value":"Red Leicester <em>Cheese</em>","matchLevel":"full","fullyHighlighted":false,"matchedWords":["cheese"]},"BRAND":{"value":"JUST ESSENTIALS by ASDA","matchLevel":"none","matchedWords":[]},"PRIMARY_TAXONOMY":{"AISLE_NAME":{"value":"Cheddar & Regional <em>Cheese</em>","matchLevel":"full","fullyHighlighted":false,"matchedWords":["cheese"]},"SHELF_NAME":{"value":"Red Leicester & Gloucester","matchLevel":"none","matchedWords":[]}},"LIFESTYLES":[{"value":"Suitable for Vegetarians","matchLevel":"none","matchedWords":[]}]}},{"ID":"1000242609418","STATUS":"A","PHARMACY_RESTRICTED":false,"CIN":"6793870","START_DATE":1603195200.0,"END_DATE":1924948800.0,"NAME":"British Mild Cheddar Cheese 400g","CS_YES":false,"SHOW_PRICE_CS":true,"SALES_TYPE":"Each","IMAGE_ID":"5057172404735","BRAND":"ASDA","IS_BWS":false,"IS_FROZEN":false,"IS_SPONSORED":false,"PRICES":{"EN":{"OFFER":"List","PRICE":3.24,"PRICEPERUOM":8.1,"PRICEPERUOMFORMATTED":"£8.10/KG"}},"PRIMARY_TAXONOMY":{"CAT_ID":"1215660378320","CAT_NAME":"Chilled Food","DEPT_ID":"1215341805721","DEPT_NAME":"Cheese","AISLE_ID":"1215341805765","AISLE_NAME":"Cheddar & Regional Cheese","SHELF_ID":"1215341808640","SHELF_NAME":"Mild & Medium Cheese"},"IS_FTO":false,"PRODUCT_TYPE":"STANDARD","AVG_RATING":4.3451,"RATING_COUNT":255.0,"ICONS":[{"ID":"51000002","ICON_NAME":"801_NoShellfish","CLICKABLE":false,"IMAGE_URL":"https://ui.assets-asda.com/dm/_000_Icon?&$Icon-wapp$","START_DATE":1551700800,"END_DATE":1551873600,"PRIORITY":10440.0},{"ID":"55200006","ICON_NAME":"_008_RedTractorAUTO","CLICKABLE":true,"IMAGE_URL":"https://ui.assets-asda.com/dm/_008_redtractor?&$icon-wapp$","START_DATE":1609329600,"END_DATE":1682510400,"PRIORITY":5354.0},{"ID":"1215429129918","ICON_NAME":"_043_British","CLICKABLE":true,"IMAGE_URL":"https://ui.assets-asda.com/dm/_043_british?","END_DATE":1682510400,"PRIORITY":5435.0},{"ID":"1215559958453","ICON_NAME":"_122_farmerowned","CLICKABLE":true,"IMAGE_URL":"https://ui.assets-asda.com/dm/_122_farmerowned?","END_DATE":1682510400,"PRIORITY":1562.0}],"PACK_SIZE":"400G","STOCK":{"4565":999},"MAX_QTY":10,"objectID":"6793870","_highlightResult":{"ID":{"value":"1000242609418","matchLevel":"none","matchedWords":[]},"CIN":{"value":"6793870","matchLevel":"none","matchedWords":[]},"NAME":{"value":"British Mild Cheddar <em>Cheese</em> 400g","matchLevel":"full","fullyHighlighted":false,"matchedWords":["cheese"]},"BRAND":{"value":"ASDA","matchLevel":"none","matchedWords":[]},"PRIMARY_TAXONOMY":{"AISLE_NAME":{"value":"Cheddar & Regional <em>Cheese</em>","matchLevel":"full","fullyHighlighted":false,"matchedWords":["cheese"]},"SHELF_NAME":{"value":"Mild & Medium <em>Cheese</em>","matchLevel":"full","fullyHighlighted":false,"matchedWords":["cheese"]}},"LIFESTYLES":[{"value":"Suitable for Vegetarians","matchLevel":"none","matchedWords":[]}]}},{"ID":"910002987626","STATUS":"A","PHARMACY_RESTRICTED":false,"CIN":"5717697","START_DATE":1486987200.0,"END_DATE":1924948800.0,"NAME":"British Mature Cheddar 750g","CS_YES":false,"SHOW_PRICE_CS":true,"SALES_TYPE":"Each","IMAGE_ID":"5054781337294","BRAND":"ASDA","IS_BWS":false,"IS_FROZEN":false,"IS_SPONSORED":false,"PRICES":{"EN":{"OFFER":"List","PRICE":4.92,"PRICEPERUOM":6.56,"PRICEPERUOMFORMATTED":"£6.56/KG"}},"PRIMARY_TAXONOMY":{"CAT_ID":"1215660378320","CAT_NAME":"Chilled Food","DEPT_ID":"1215341805721","DEPT_NAME":"Cheese","AISLE_ID":"1215341805765","AISLE_NAME":"Cheddar & Regional Cheese","SHELF_ID":"1215341808760","SHELF_NAME":"Mature Cheese"},"IS_FTO":false,"PRODUCT_TYPE":"STANDARD","AVG_RATING":4.5341,"RATING_COUNT":264.0,"ICONS":[{"ID":"51000002","ICON_NAME":"801_NoShellfish","CLICKABLE":false,"IMAGE_URL":"https://ui.assets-asda.com/dm/_000_Icon?&$Icon-wapp$","START_DATE":1551700800,"END_DATE":1551873600,"PRIORITY":10440.0},{"ID":"55200006","ICON_NAME":"_008_RedTractorAUTO","CLICKABLE":true,"IMAGE_URL":"https://ui.assets-asda.com/dm/_008_redtractor?&$icon-wapp$","START_DATE":1609329600,"END_DATE":1682510400,"PRIORITY":5354.0}],"PACK_SIZE":"750G","STOCK":{"4565":999},"MAX_QTY":10,"objectID":"5717697","_highlightResult":{"ID":{"value":"910002987626","matchLevel":"none","matchedWords":[]},"CIN":{"value":"5717697","matchLevel":"none","matchedWords":[]},"NAME":{"value":"British Mature Cheddar 750g","matchLevel":"none","matchedWords":[]},"BRAND":{"value":"ASDA","matchLevel":"none","matchedWords":[]},"PRIMARY_TAXONOMY":{"AISLE_NAME":{"value":"Cheddar & Regional <em>Cheese</em>","matchLevel":"full","fullyHighlighted":false,"matchedWords":["cheese"]},"SHELF_NAME":{"value":"Mature <em>Cheese</em>","matchLevel":"full","fullyHighlighted":false,"matchedWords":["cheese"]}},"LIFESTYLES":[{"value":"Suitable for Vegetarians","matchLevel":"none","matchedWords":[]}]}},{"ID":"910001330995","STATUS":"A","PHARMACY_RESTRICTED":false,"CIN":"4642115","START_DATE":-2208945600.0,"END_DATE":1924948800.0,"NAME":"Grated Mozzarella Cheese 250g","CS_YES":false,"SHOW_PRICE_CS":true,"SALES_TYPE":"Each","IMAGE_ID":"5054070275641","BRAND":"ASDA","IS_BWS":false,"IS_FROZEN":false,"IS_SPONSORED":false,"PRICES":{"EN":{"OFFER":"List","PRICE":2.54,"PRICEPERUOM":10.16,"PRICEPERUOMFORMATTED":"£10.16/KG"}},"PRIMARY_TAXONOMY":{"CAT_ID":"1215660378320","CAT_NAME":"Chilled Food","DEPT_ID":"1215341805721","DEPT_NAME":"Cheese","AISLE_ID":"1215341805765","AISLE_NAME":"Cheddar & Regional Cheese","SHELF_ID":"1215626750653","SHELF_NAME":"Grated & Sliced Cheese"},"IS_FTO":false,"PRODUCT_TYPE":"STANDARD","AVG_RATING":4.1716,"RATING_COUNT":204.0,"PROMOS":{"EN":[{"ID":"10000479757","NAME":"Any 2 for £4.48","END_DATE":1767225599.0,"START_DATE":1755820800.0,"TYPE":15}]},"ICONS":[{"ID":"51000002","ICON_NAME":"801_NoShellfish","CLICKABLE":false,"IMAGE_URL":"https://ui.assets-asda.com/dm/_000_Icon?&$Icon-wapp$","START_DATE":1551700800,"END_DATE":1551873600,"PRIORITY":10440.0},{"ID":"59600445","ICON_NAME":"M&S Taste Match","CLICKABLE":true,"IMAGE_URL":"https://ui.assets-asda.com/dm/M-S-Taste-Match-Icon?","START_DATE":1695643200,"END_DATE":1725019200,"PRIORITY":70.0},{"ID":"1215559958453","ICON_NAME":"_122_farmerowned","CLICKABLE":true,"IMAGE_URL":"https://ui.assets-asda.com/dm/_122_farmerowned?","END_DATE":1682510400,"PRIORITY":1562.0}],"PACK_SIZE":"250G","STOCK":{"4565":999},"MAX_QTY":10,"objectID":"4642115","_highlightResult":{"ID":{"value":"910001330995","matchLevel":"none","matchedWords":[]},"CIN":{"value":"4642115","matchLevel":"none","matchedWords":[]},"NAME":{"value":"Grated Mozzarella <em>Cheese</em> 250g","matchLevel":"full","fullyHighlighted":false,"matchedWords":["cheese"]},"KEYWORDS":{"value":"pizza topping,M&S Taste match,taste match","matchLevel":"none","matchedWords":[]},"BRAND":{"value":"ASDA","matchLevel":"none","matchedWords":[]},"PRIMARY_TAXONOMY":{"AISLE_NAME":{"value":"Cheddar & Regional <em>Cheese</em>","matchLevel":"full","fullyHighlighted":false,"matchedWords":["cheese"]},"SHELF_NAME":{"value":"Grated & Sliced <em>Cheese</em>","matchLevel":"full","fullyHighlighted":false,"matchedWords":["cheese"]}},"LIFESTYLES":[{"value":"Suitable for Vegetarians","matchLevel":"none","matchedWords":[]}]}},{"ID":"1000383142929","STATUS":"A","PHARMACY_RESTRICTED":false,"CIN":"7498005","START_DATE":1673524800.0,"END_DATE":1924948800.0,"NAME":"Mild White Cheddar Cheese","CS_YES":false,"SHOW_PRICE_CS":true,"SALES_TYPE":"Each","IMAGE_ID":"5063089019832","BRAND":"JUST ESSENTIALS by ASDA","IS_BWS":false,"IS_FROZEN":false,"IS_SPONSORED":false,"PRICES":{"EN":{"OFFER":"List","PRICE":2.79,"PRICEPERUOM":6.975,"PRICEPERUOMFORMATTED":"£6.98/KG"}},"PRIMARY_TAXONOMY":{"CAT_ID":"1215660378320","CAT_NAME":"Chilled Food","DEPT_ID":"1215341805721","DEPT_NAME":"Cheese","AISLE_ID":"1215341805765","AISLE_NAME":"Cheddar & Regional Cheese","SHELF_ID":"1215341808640","SHELF_NAME":"Mild & Medium Cheese"},"IS_FTO":false,"PRODUCT_TYPE":"STANDARD","AVG_RATING":2.75,"RATING_COUNT":20.0,"ICONS":[{"ID":"51000002","ICON_NAME":"801_NoShellfish","CLICKABLE":false,"IMAGE_URL":"https://ui.assets-asda.com/dm/_000_Icon?&$Icon-wapp$","START_DATE":1551700800,"END_DATE":1551873600,"PRIORITY":10440.0}],"PACK_SIZE":"400G","STOCK":{"4565":999},"MAX_QTY":10,"objectID":"7498005","_highlightResult":{"ID":{"value":"1000383142929","matchLevel":"none","matchedWords":[]},"CIN":{"value":"7498005","matchLevel":"none","matchedWords":[]},"NAME":{"value":"Mild White Cheddar <em>Cheese</em>","matchLevel":"full","fullyHighlighted":false,"matchedWords":["cheese"]},"BRAND":{"value":"JUST ESSENTIALS by ASDA","matchLevel":"none","matchedWords":[]},"PRIMARY_TAXONOMY":{"AISLE_NAME":{"value":"Cheddar & Regional <em>Cheese</em>","matchLevel":"full","fullyHighlighted":false,"matchedWords":["cheese"]},"SHELF_NAME":{"value":"Mild & Medium <em>Cheese</em>","matchLevel":"full","fullyHighlighted":false,"matchedWords":["cheese"]}},"LIFESTYLES":[{"value":"Suitable for Vegetarians","matchLevel":"none","matchedWords":[]}]}},{"ID":"1000242609507","STATUS":"A","PHARMACY_RESTRICTED":false,"CIN":"6793596","START_DATE":1603195200.0,"END_DATE":1924948800.0,"NAME":"British Red Leicester 400g","CS_YES":false,"SHOW_PRICE_CS":true,"SALES_TYPE":"Each","IMAGE_ID":"5057172404636","BRAND":"ASDA","IS_BWS":false,"IS_FROZEN":false,"IS_SPONSORED":false,"PRICES":{"EN":{"OFFER":"List","PRICE":3.24,"PRICEPERUOM":8.1,"PRICEPERUOMFORMATTED":"£8.10/KG"}},"PRIMARY_TAXONOMY":{"CAT_ID":"1215660378320","CAT_NAME":"Chilled Food","DEPT_ID":"1215341805721","DEPT_NAME":"Cheese","AISLE_ID":"1215341805765","AISLE_NAME":"Cheddar & Regional Cheese","SHELF_ID":"1215341808998","SHELF_NAME":"Red Leicester & Gloucester"},"IS_FTO":false,"PRODUCT_TYPE":"STANDARD","AVG_RATING":4.3832,"RATING_COUNT":167.0,"ICONS":[{"ID":"51000002","ICON_NAME":"801_NoShellfish","CLICKABLE":false,"IMAGE_URL":"https://ui.assets-asda.com/dm/_000_Icon?&$Icon-wapp$","START_DATE":1551700800,"END_DATE":1551873600,"PRIORITY":10440.0},{"ID":"55200006","ICON_NAME":"_008_RedTractorAUTO","CLICKABLE":true,"IMAGE_URL":"https://ui.assets-asda.com/dm/_008_redtractor?&$icon-wapp$","START_DATE":1609329600,"END_DATE":1682510400,"PRIORITY":5354.0},{"ID":"1215429129918","ICON_NAME":"_043_British","CLICKABLE":true,"IMAGE_URL":"https://ui.assets-asda.com/dm/_043_british?","END_DATE":1682510400,"PRIORITY":5435.0},{"ID":"1215559958453","ICON_NAME":"_122_farmerowned","CLICKABLE":true,"IMAGE_URL":"https://ui.assets-asda.com/dm/_122_farmerowned?","END_DATE":1682510400,"PRIORITY":1562.0}],"PACK_SIZE":"400G","STOCK":{"4565":999},"MAX_QTY":10,"objectID":"6793596","_highlightResult":{"ID":{"value":"1000242609507","matchLevel":"none","matchedWords":[]},"CIN":{"value":"6793596","matchLevel":"none","matchedWords":[]},"NAME":{"value":"British Red Leicester 400g","matchLevel":"none","matchedWords":[]},"BRAND":{"value":"ASDA","matchLevel":"none","matchedWords":[]},"PRIMARY_TAXONOMY":{"AISLE_NAME":{"value":"Cheddar & Regional <em>Cheese</em>","matchLevel":"full","fullyHighlighted":false,"matchedWords":["cheese"]},"SHELF_NAME":{"value":"Red Leicester & Gloucester","matchLevel":"none","matchedWords":[]}},"LIFESTYLES":[{"value":"Suitable for Vegetarians","matchLevel":"none","matchedWords":[]}]}},{"ID":"910000329132","STATUS":"A","PHARMACY_RESTRICTED":false,"CIN":"3364856","START_DATE":-2208945600.0,"END_DATE":1924948800.0,"NAME":"Extra Mature Cheddar Cheese","CS_YES":false,"SHOW_PRICE_CS":true,"SALES_TYPE":"Each","IMAGE_ID":"5000295141599","BRAND":"Cathedral City","IS_BWS":false,"IS_FROZEN":false,"IS_SPONSORED":false,"PRICES":{"EN":{"OFFER":"Rollback","PRICE":2.93,"WASPRICE":3.58,"PRICEPERUOM":8.37143,"PRICEPERUOMFORMATTED":"£8.37/KG"}},"PRIMARY_TAXONOMY":{"CAT_ID":"1215660378320","CAT_NAME":"Chilled Food","DEPT_ID":"1215341805721","DEPT_NAME":"Cheese","AISLE_ID":"1215341805765","AISLE_NAME":"Cheddar & Regional Cheese","SHELF_ID":"1215341808819","SHELF_NAME":"Extra Mature & Vintage Cheese"},"IS_FTO":false,"PRODUCT_TYPE":"STANDARD","AVG_RATING":4.7225,"RATING_COUNT":209.0,"ICONS":[{"ID":"55000003","ICON_NAME":"_151_UnionFlag","CLICKABLE":false,"IMAGE_URL":"https://ui.assets-asda.comtest.jpg","START_DATE":1594728000,"END_DATE":1600171200,"PRIORITY":10427.0},{"ID":"55200006","ICON_NAME":"_008_RedTractorAUTO","CLICKABLE":true,"IMAGE_URL":"https://ui.assets-asda.com/dm/_008_redtractor?&$icon-wapp$","START_DATE":1609329600,"END_DATE":1682510400,"PRIORITY":5354.0}],"PACK_SIZE":"350G","STOCK":{"4565":999},"MAX_QTY":10,"objectID":"3364856","_highlightResult":{"ID":{"value":"910000329132","matchLevel":"none","matchedWords":[]},"CIN":{"value":"3364856","matchLevel":"none","matchedWords":[]},"NAME":{"value":"Extra Mature Cheddar <em>Cheese</em>","matchLevel":"full","fullyHighlighted":false,"matchedWords":["cheese"]},"BRAND":{"value":"Cathedral City","matchLevel":"none","matchedWords":[]},"PRIMARY_TAXONOMY":{"AISLE_NAME":{"value":"Cheddar & Regional <em>Cheese</em>","matchLevel":"full","fullyHighlighted":false,"matchedWords":["cheese"]},"SHELF_NAME":{"value":"Extra Mature & Vintage <em>Cheese</em>","matchLevel":"full","fullyHighlighted":false,"matchedWords":["cheese"]}},"LIFESTYLES":[{"value":"Suitable for Vegetarians","matchLevel":"none","matchedWords":[]}]}},{"ID":"1000299625425","STATUS":"A","PHARMACY_RESTRICTED":false,"CIN":"7048097","START_DATE":1712577600.0,"END_DATE":1924948800.0,"NAME":"Dunkers Jumbo Tubes Cheese Snacks 6 Pack 246g","CS_YES":false,"SHOW_PRICE_CS":true,"SALES_TYPE":"Each","IMAGE_ID":"7622201143671","BRAND":"Dairylea","IS_BWS":false,"IS_FROZEN":false,"IS_SPONSORED":false,"PRICES":{"EN":{"OFFER":"Rollback","PRICE":2.33,"WASPRICE":3.12,"PRICEPERUOM":9.47154,"PRICEPERUOMFORMATTED":"£9.47/KG"}},"PRIMARY_TAXONOMY":{"CAT_ID":"1215660378320","CAT_NAME":"Chilled Food","DEPT_ID":"1215341805721","DEPT_NAME":"Cheese","AISLE_ID":"1215341805914","AISLE_NAME":"Cheese Snacks & Lunchbox","SHELF_ID":"1215341810541","SHELF_NAME":"Cheese Strips & Dunkers"},"IS_FTO":false,"PRODUCT_TYPE":"STANDARD","AVG_RATING":4.5833,"RATING_COUNT":60.0,"PACK_SIZE":"6X41G","STOCK":{"4565":999},"MAX_QTY":10,"objectID":"7048097","_highlightResult":{"ID":{"value":"1000299625425","matchLevel":"none","matchedWords":[]},"CIN":{"value":"7048097","matchLevel":"none","matchedWords":[]},"NAME":{"value":"Dunkers Jumbo Tubes <em>Cheese</em> Snacks 6 Pack 246g","matchLevel":"full","fullyHighlighted":false,"matchedWords":["cheese"]},"KEYWORDS":{"value":"snacks,kids snacks,packed lunch,<em>cheese</em> snacks,snacking,lunchbox snacks","matchLevel":"full","fullyHighlighted":false,"matchedWords":["cheese"]},"BRAND":{"value":"Dairylea","matchLevel":"none","matchedWords":[]},"PRIMARY_TAXONOMY":{"AISLE_NAME":{"value":"<em>Cheese</em> Snacks & Lunchbox","matchLevel":"full","fullyHighlighted":false,"matchedWords":["cheese"]},"SHELF_NAME":{"value":"<em>Cheese</em> Strips & Dunkers","matchLevel":"full","fullyHighlighted":false,"matchedWords":["cheese"]}}}},{"ID":"1000242609542","STATUS":"A","PHARMACY_RESTRICTED":false,"CIN":"6793874","START_DATE":1603195200.0,"END_DATE":1924948800.0,"NAME":"British Extra Mature Cheddar Cheese","CS_YES":false,"SHOW_PRICE_CS":true,"SALES_TYPE":"Each","IMAGE_ID":"5057172404773","BRAND":"ASDA","IS_BWS":false,"IS_FROZEN":false,"IS_SPONSORED":false,"PRICES":{"EN":{"OFFER":"List","PRICE":3.24,"PRICEPERUOM":8.1,"PRICEPERUOMFORMATTED":"£8.10/KG"}},"PRIMARY_TAXONOMY":{"CAT_ID":"1215660378320","CAT_NAME":"Chilled Food","DEPT_ID":"1215341805721","DEPT_NAME":"Cheese","AISLE_ID":"1215341805765","AISLE_NAME":"Cheddar & Regional Cheese","SHELF_ID":"1215341808760","SHELF_NAME":"Mature Cheese"},"IS_FTO":false,"PRODUCT_TYPE":"STANDARD","AVG_RATING":4.2538,"RATING_COUNT":520.0,"ICONS":[{"ID":"51000002","ICON_NAME":"801_NoShellfish","CLICKABLE":false,"IMAGE_URL":"https://ui.assets-asda.com/dm/_000_Icon?&$Icon-wapp$","START_DATE":1551700800,"END_DATE":1551873600,"PRIORITY":10440.0},{"ID":"55200006","ICON_NAME":"_008_RedTractorAUTO","CLICKABLE":true,"IMAGE_URL":"https://ui.assets-asda.com/dm/_008_redtractor?&$icon-wapp$","START_DATE":1609329600,"END_DATE":1682510400,"PRIORITY":5354.0},{"ID":"1215429129918","ICON_NAME":"_043_British","CLICKABLE":true,"IMAGE_URL":"https://ui.assets-asda.com/dm/_043_british?","END_DATE":1682510400,"PRIORITY":5435.0},{"ID":"1215559958453","ICON_NAME":"_122_farmerowned","CLICKABLE":true,"IMAGE_URL":"https://ui.assets-asda.com/dm/_122_farmerowned?","END_DATE":1682510400,"PRIORITY":1562.0}],"PACK_SIZE":"400G","STOCK":{"4565":999},"MAX_QTY":10,"objectID":"6793874","_highlightResult":{"ID":{"value":"1000242609542","matchLevel":"none","matchedWords":[]},"CIN":{"value":"6793874","matchLevel":"none","matchedWords":[]},"NAME":{"value":"British Extra Mature Cheddar <em>Cheese</em>","matchLevel":"full","fullyHighlighted":false,"matchedWords":["cheese"]},"BRAND":{"value":"ASDA","matchLevel":"none","matchedWords":[]},"PRIMARY_TAXONOMY":{"AISLE_NAME":{"value":"Cheddar & Regional <em>Cheese</em>","matchLevel":"full","fullyHighlighted":false,"matchedWords":["cheese"]},"SHELF_NAME":{"value":"Mature <em>Cheese</em>","matchLevel":"full","fullyHighlighted":false,"matchedWords":["cheese"]}},"LIFESTYLES":[{"value":"Suitable for Vegetarians","matchLevel":"none","matchedWords":[]}]}},{"ID":"910002987750","STATUS":"A","PHARMACY_RESTRICTED":false,"CIN":"5717699","START_DATE":1487592000.0,"END_DATE":1924948800.0,"NAME":"British Extra Mature Cheddar 750g","CS_YES":false,"SHOW_PRICE_CS":true,"SALES_TYPE":"Each","IMAGE_ID":"5054781337317","BRAND":"ASDA","IS_BWS":false,"IS_FROZEN":false,"IS_SPONSORED":false,"PRICES":{"EN":{"OFFER":"List","PRICE":4.92,"PRICEPERUOM":6.56,"PRICEPERUOMFORMATTED":"£6.56/KG"}},"PRIMARY_TAXONOMY":{"CAT_ID":"1215660378320","CAT_NAME":"Chilled Food","DEPT_ID":"1215341805721","DEPT_NAME":"Cheese","AISLE_ID":"1215341805765","AISLE_NAME":"Cheddar & Regional Cheese","SHELF_ID":"1215341808819","SHELF_NAME":"Extra Mature & Vintage Cheese"},"IS_FTO":false,"PRODUCT_TYPE":"STANDARD","AVG_RATING":4.2538,"RATING_COUNT":520.0,"ICONS":[{"ID":"51000002","ICON_NAME":"801_NoShellfish","CLICKABLE":false,"IMAGE_URL":"https://ui.assets-asda.com/dm/_000_Icon?&$Icon-wapp$","START_DATE":1551700800,"END_DATE":1551873600,"PRIORITY":10440.0},{"ID":"55200006","ICON_NAME":"_008_RedTractorAUTO","CLICKABLE":true,"IMAGE_URL":"https://ui.assets-asda.com/dm/_008_redtractor?&$icon-wapp$","START_DATE":1609329600,"END_DATE":1682510400,"PRIORITY":5354.0},{"ID":"59600445","ICON_NAME":"M&S Taste Match","CLICKABLE":true,"IMAGE_URL":"https://ui.assets-asda.com/dm/M-S-Taste-Match-Icon?","START_DATE":1695643200,"END_DATE":1725019200,"PRIORITY":70.0}],"PACK_SIZE":"750G","STOCK":{"4565":999},"MAX_QTY":10,"objectID":"5717699","_highlightResult":{"ID":{"value":"910002987750","matchLevel":"none","matchedWords":[]},"CIN":{"value":"5717699","matchLevel":"none","matchedWords":[]},"NAME":{"value":"British Extra Mature Cheddar 750g","matchLevel":"none","matchedWords":[]},"KEYWORDS":{"value":"M&S Taste match,taste match","matchLevel":"none","matchedWords":[]},"BRAND":{"value":"ASDA","matchLevel":"none","matchedWords":[]},"PRIMARY_TAXONOMY":{"AISLE_NAME":{"value":"Cheddar & Regional <em>Cheese</em>","matchLevel":"full","fullyHighlighted":false,"matchedWords":["cheese"]},"SHELF_NAME":{"value":"Extra Mature & Vintage <em>Cheese</em>","matchLevel":"full","fullyHighlighted":false,"matchedWords":["cheese"]}},"LIFESTYLES":[{"value":"Suitable for Vegetarians","matchLevel":"none","matchedWords":[]}]}},{"ID":"910000563476","STATUS":"A","PHARMACY_RESTRICTED":false,"CIN":"3884166","START_DATE":1677585600.0,"END_DATE":1924948800.0,"NAME":"Twisted Cheestrings 4 x 20g (80g)","CS_YES":false,"SHOW_PRICE_CS":true,"SALES_TYPE":"Each","IMAGE_ID":"5000187130915","BRAND":"Strings & Things","IS_BWS":false,"IS_FROZEN":false,"IS_SPONSORED":false,"PRICES":{"EN":{"OFFER":"Dropped","PRICE":1.23,"WASPRICE":1.43,"PRICEPERUOM":15.375,"PRICEPERUOMFORMATTED":"£15.38/KG"}},"PRIMARY_TAXONOMY":{"CAT_ID":"1215660378320","CAT_NAME":"Chilled Food","DEPT_ID":"1215341805721","DEPT_NAME":"Cheese","AISLE_ID":"1215341805914","AISLE_NAME":"Cheese Snacks & Lunchbox","SHELF_ID":"1215341810541","SHELF_NAME":"Cheese Strips & Dunkers"},"IS_FTO":false,"PRODUCT_TYPE":"STANDARD","AVG_RATING":4.6087,"RATING_COUNT":23.0,"ICONS":[{"ID":"51000002","ICON_NAME":"801_NoShellfish","CLICKABLE":false,"IMAGE_URL":"https://ui.assets-asda.com/dm/_000_Icon?&$Icon-wapp$","START_DATE":1551700800,"END_DATE":1551873600,"PRIORITY":10440.0}],"PACK_SIZE":"80G","STOCK":{"4565":999},"MAX_QTY":10,"objectID":"3884166","_highlightResult":{"ID":{"value":"910000563476","matchLevel":"none","matchedWords":[]},"CIN":{"value":"3884166","matchLevel":"none","matchedWords":[]},"NAME":{"value":"Twisted Cheestrings 4 x 20g (80g)","matchLevel":"none","matchedWords":[]},"KEYWORDS":{"value":"packed lunch","matchLevel":"none","matchedWords":[]},"BRAND":{"value":"Strings & Things","matchLevel":"none","matchedWords":[]},"PRIMARY_TAXONOMY":{"AISLE_NAME":{"value":"<em>Cheese</em> Snacks & Lunchbox","matchLevel":"full","fullyHighlighted":false,"matchedWords":["cheese"]},"SHELF_NAME":{"value":"<em>Cheese</em> Strips & Dunkers","matchLevel":"full","fullyHighlighted":false,"matchedWords":["cheese"]}},"LIFESTYLES":[{"value":"Suitable for Vegetarians","matchLevel":"none","matchedWords":[]}]}},{"ID":"910000565181","STATUS":"A","PHARMACY_RESTRICTED":false,"CIN":"3888540","START_DATE":-2208945600.0,"END_DATE":1924948800.0,"NAME":"Mini Mature Cheddar Cheeses","CS_YES":false,"SHOW_PRICE_CS":true,"SALES_TYPE":"Each","IMAGE_ID":"5000295109094","BRAND":"Cathedral City","IS_BWS":false,"IS_FROZEN":false,"IS_SPONSORED":false,"PRICES":{"EN":{"OFFER":"Dropped","PRICE":1.78,"WASPRICE":2.1,"PRICEPERUOM":14.83333,"PRICEPERUOMFORMATTED":"£14.83/KG"}},"PRIMARY_TAXONOMY":{"CAT_ID":"1215660378320","CAT_NAME":"Chilled Food","DEPT_ID":"1215341805721","DEPT_NAME":"Cheese","AISLE_ID":"1215341805914","AISLE_NAME":"Cheese Snacks & Lunchbox","SHELF_ID":"1215341830101","SHELF_NAME":"Cheese Snacking"},"IS_FTO":false,"PRODUCT_TYPE":"STANDARD","AVG_RATING":4.8475,"RATING_COUNT":59.0,"ICONS":[{"ID":"1215429129918","ICON_NAME":"_043_British","CLICKABLE":true,"IMAGE_URL":"https://ui.assets-asda.com/dm/_043_british?","END_DATE":1682510400,"PRIORITY":5435.0}],"PACK_SIZE":"120G","STOCK":{"4565":999},"MAX_QTY":10,"objectID":"3888540","_highlightResult":{"ID":{"value":"910000565181","matchLevel":"none","matchedWords":[]},"CIN":{"value":"3888540","matchLevel":"none","matchedWords":[]},"NAME":{"value":"Mini Mature Cheddar <em>Cheese</em>s","matchLevel":"full","fullyHighlighted":false,"matchedWords":["cheese"]},"BRAND":{"value":"Cathedral City","matchLevel":"none","matchedWords":[]},"PRIMARY_TAXONOMY":{"AISLE_NAME":{"value":"<em>Cheese</em> Snacks & Lunchbox","matchLevel":"full","fullyHighlighted":false,"matchedWords":["cheese"]},"SHELF_NAME":{"value":"<em>Cheese</em> Snacking","matchLevel":"full","fullyHighlighted":false,"matchedWords":["cheese"]}},"LIFESTYLES":[{"value":"Suitable for Vegetarians","matchLevel":"none","matchedWords":[]}]}},{"ID":"1000371550415","STATUS":"A","PHARMACY_RESTRICTED":false,"CIN":"7345715","START_DATE":1647950400.0,"END_DATE":1924948800.0,"NAME":"Original 165g","CS_YES":false,"SHOW_PRICE_CS":true,"SALES_TYPE":"Each","IMAGE_ID":"7622201693916","BRAND":"Philadelphia","IS_BWS":false,"IS_FROZEN":false,"IS_SPONSORED":false,"PRICES":{"EN":{"OFFER":"Rollback","PRICE":1.28,"WASPRICE":2.08,"PRICEPERUOM":7.75758,"PRICEPERUOMFORMATTED":"£7.76/KG"}},"PRIMARY_TAXONOMY":{"CAT_ID":"1215660378320","CAT_NAME":"Chilled Food","DEPT_ID":"1215341805721","DEPT_NAME":"Cheese","AISLE_ID":"1215341805865","AISLE_NAME":"Soft & Cottage Cheese","SHELF_ID":"1215341810303","SHELF_NAME":"Soft Cheese"},"IS_FTO":false,"PRODUCT_TYPE":"STANDARD","AVG_RATING":4.6915,"RATING_COUNT":94.0,"PACK_SIZE":"165G","STOCK":{"4565":999},"MAX_QTY":10,"objectID":"7345715","_highlightResult":{"ID":{"value":"1000371550415","matchLevel":"none","matchedWords":[]},"CIN":{"value":"7345715","matchLevel":"none","matchedWords":[]},"NAME":{"value":"Original 165g","matchLevel":"none","matchedWords":[]},"KEYWORDS":{"value":"cream <em>cheese</em>,spread,spreadable,<em>cheese</em> spread","matchLevel":"full","fullyHighlighted":false,"matchedWords":["cheese"]},"BRAND":{"value":"Philadelphia","matchLevel":"none","matchedWords":[]},"PRIMARY_TAXONOMY":{"AISLE_NAME":{"value":"Soft & Cottage <em>Cheese</em>","matchLevel":"full","fullyHighlighted":false,"matchedWords":["cheese"]},"SHELF_NAME":{"value":"Soft <em>Cheese</em>","matchLevel":"full","fullyHighlighted":false,"matchedWords":["cheese"]}},"LIFESTYLES":[{"value":"Suitable for Vegetarians","matchLevel":"none","matchedWords":[]}]}},{"ID":"1000094333993","STATUS":"A","PHARMACY_RESTRICTED":false,"CIN":"6300083","START_DATE":1704196800.0,"END_DATE":1924948800.0,"NAME":"Mild White Cheddar 825g","CS_YES":false,"SHOW_PRICE_CS":true,"SALES_TYPE":"Each","IMAGE_ID":"5057172016068","BRAND":"JUST ESSENTIALS by ASDA","IS_BWS":false,"IS_FROZEN":false,"IS_SPONSORED":false,"PRICES":{"EN":{"OFFER":"List","PRICE":4.57,"PRICEPERUOM":5.53939,"PRICEPERUOMFORMATTED":"£5.54/KG"}},"PRIMARY_TAXONOMY":{"CAT_ID":"1215660378320","CAT_NAME":"Chilled Food","DEPT_ID":"1215341805721","DEPT_NAME":"Cheese","AISLE_ID":"1215341805765","AISLE_NAME":"Cheddar & Regional Cheese","SHELF_ID":"1215341808640","SHELF_NAME":"Mild & Medium Cheese"},"IS_FTO":false,"PRODUCT_TYPE":"STANDARD","AVG_RATING":4.1887,"RATING_COUNT":53.0,"ICONS":[{"ID":"51000002","ICON_NAME":"801_NoShellfish","CLICKABLE":false,"IMAGE_URL":"https://ui.assets-asda.com/dm/_000_Icon?&$Icon-wapp$","START_DATE":1551700800,"END_DATE":1551873600,"PRIORITY":10440.0},{"ID":"55200006","ICON_NAME":"_008_RedTractorAUTO","CLICKABLE":true,"IMAGE_URL":"https://ui.assets-asda.com/dm/_008_redtractor?&$icon-wapp$","START_DATE":1609329600,"END_DATE":1682510400,"PRIORITY":5354.0}],"PACK_SIZE":"825G","STOCK":{"4565":999},"MAX_QTY":10,"objectID":"6300083","_highlightResult":{"ID":{"value":"1000094333993","matchLevel":"none","matchedWords":[]},"CIN":{"value":"6300083","matchLevel":"none","matchedWords":[]},"NAME":{"value":"Mild White Cheddar 825g","matchLevel":"none","matchedWords":[]},"BRAND":{"value":"JUST ESSENTIALS by ASDA","matchLevel":"none","matchedWords":[]},"PRIMARY_TAXONOMY":{"AISLE_NAME":{"value":"Cheddar & Regional <em>Cheese</em>","matchLevel":"full","fullyHighlighted":false,"matchedWords":["cheese"]},"SHELF_NAME":{"value":"Mild & Medium <em>Cheese</em>","matchLevel":"full","fullyHighlighted":false,"matchedWords":["cheese"]}},"LIFESTYLES":[{"value":"Suitable for Vegetarians","matchLevel":"none","matchedWords":[]}]}},{"ID":"910001331193","STATUS":"A","PHARMACY_RESTRICTED":false,"CIN":"4642111","START_DATE":-2208945600.0,"END_DATE":1924948800.0,"NAME":"British Grated Red Leicester Cheese 250g","CS_YES":false,"SHOW_PRICE_CS":true,"SALES_TYPE":"Each","IMAGE_ID":"5054070275627","BRAND":"ASDA","IS_BWS":false,"IS_FROZEN":false,"IS_SPONSORED":false,"PRICES":{"EN":{"OFFER":"List","PRICE":2.54,"PRICEPERUOM":10.16,"PRICEPERUOMFORMATTED":"£10.16/KG"}},"PRIMARY_TAXONOMY":{"CAT_ID":"1215660378320","CAT_NAME":"Chilled Food","DEPT_ID":"1215341805721","DEPT_NAME":"Cheese","AISLE_ID":"1215341805765","AISLE_NAME":"Cheddar & Regional Cheese","SHELF_ID":"1215626750653","SHELF_NAME":"Grated & Sliced Cheese"},"IS_FTO":false,"PRODUCT_TYPE":"STANDARD","AVG_RATING":4.375,"RATING_COUNT":80.0,"PROMOS":{"EN":[{"ID":"10000479757","NAME":"Any 2 for £4.48","END_DATE":1767225599.0,"START_DATE":1755820800.0,"TYPE":15}]},"ICONS":[{"ID":"51000002","ICON_NAME":"801_NoShellfish","CLICKABLE":false,"IMAGE_URL":"https://ui.assets-asda.com/dm/_000_Icon?&$Icon-wapp$","START_DATE":1551700800,"END_DATE":1551873600,"PRIORITY":10440.0},{"ID":"55200006","ICON_NAME":"_008_RedTractorAUTO","CLICKABLE":true,"IMAGE_URL":"https://ui.assets-asda.com/dm/_008_redtractor?&$icon-wapp$","START_DATE":1609329600,"END_DATE":1682510400,"PRIORITY":5354.0},{"ID":"1215429129918","ICON_NAME":"_043_British","CLICKABLE":true,"IMAGE_URL":"https://ui.assets-asda.com/dm/_043_british?","END_DATE":1682510400,"PRIORITY":5435.0},{"ID":"1215559958453","ICON_NAME":"_122_farmerowned","CLICKABLE":true,"IMAGE_URL":"https://ui.assets-asda.com/dm/_122_farmerowned?","END_DATE":1682510400,"PRIORITY":1562.0}],"PACK_SIZE":"250G","STOCK":{"4565":999},"MAX_QTY":10,"objectID":"4642111","_highlightResult":{"ID":{"value":"910001331193","matchLevel":"none","matchedWords":[]},"CIN":{"value":"4642111","matchLevel":"none","matchedWords":[]},"NAME":{"value":"British Grated Red Leicester <em>Cheese</em> 250g","matchLevel":"full","fullyHighlighted":false,"matchedWords":["cheese"]},"BRAND":{"value":"ASDA","matchLevel":"none","matchedWords":[]},"PRIMARY_TAXONOMY":{"AISLE_NAME":{"value":"Cheddar & Regional <em>Cheese</em>","matchLevel":"full","fullyHighlighted":false,"matchedWords":["cheese"]},"SHELF_NAME":{"value":"Grated & Sliced <em>Cheese</em>","matchLevel":"full","fullyHighlighted":false,"matchedWords":["cheese"]}},"LIFESTYLES":[{"value":"Suitable for Vegetarians","matchLevel":"none","matchedWords":[]}]}},{"ID":"1000383137280","STATUS":"A","PHARMACY_RESTRICTED":false,"CIN":"7484821","START_DATE":1672747200.0,"END_DATE":1924948800.0,"NAME":"Lighter Extra Mature Cheddar Cheese","CS_YES":false,"SHOW_PRICE_CS":true,"SALES_TYPE":"Each","IMAGE_ID":"5000295157224","BRAND":"Cathedral City","IS_BWS":false,"IS_FROZEN":false,"IS_SPONSORED":false,"PRICES":{"EN":{"OFFER":"Rollback","PRICE":2.93,"WASPRICE":3.58,"PRICEPERUOM":8.37143,"PRICEPERUOMFORMATTED":"£8.37/KG"}},"PRIMARY_TAXONOMY":{"CAT_ID":"1215660378320","CAT_NAME":"Chilled Food","DEPT_ID":"1215341805721","DEPT_NAME":"Cheese","AISLE_ID":"1215341805765","AISLE_NAME":"Cheddar & Regional Cheese","SHELF_ID":"1215341808640","SHELF_NAME":"Mild & Medium Cheese"},"IS_FTO":false,"PRODUCT_TYPE":"STANDARD","AVG_RATING":4.5714,"RATING_COUNT":21.0,"ICONS":[{"ID":"55000003","ICON_NAME":"_151_UnionFlag","CLICKABLE":false,"IMAGE_URL":"https://ui.assets-asda.comtest.jpg","START_DATE":1594728000,"END_DATE":1600171200,"PRIORITY":10427.0},{"ID":"55200006","ICON_NAME":"_008_RedTractorAUTO","CLICKABLE":true,"IMAGE_URL":"https://ui.assets-asda.com/dm/_008_redtractor?&$icon-wapp$","START_DATE":1609329600,"END_DATE":1682510400,"PRIORITY":5354.0}],"PACK_SIZE":"350G","STOCK":{"4565":999},"MAX_QTY":10,"objectID":"7484821","_highlightResult":{"ID":{"value":"1000383137280","matchLevel":"none","matchedWords":[]},"CIN":{"value":"7484821","matchLevel":"none","matchedWords":[]},"NAME":{"value":"Lighter Extra Mature Cheddar <em>Cheese</em>","matchLevel":"full","fullyHighlighted":false,"matchedWords":["cheese"]},"KEYWORDS":{"value":"low fat <em>cheese</em>","matchLevel":"full","fullyHighlighted":false,"matchedWords":["cheese"]},"BRAND":{"value":"Cathedral City","matchLevel":"none","matchedWords":[]},"PRIMARY_TAXONOMY":{"AISLE_NAME":{"value":"Cheddar & Regional <em>Cheese</em>","matchLevel":"full","fullyHighlighted":false,"matchedWords":["cheese"]},"SHELF_NAME":{"value":"Mild & Medium <em>Cheese</em>","matchLevel":"full","fullyHighlighted":false,"matchedWords":["cheese"]}},"LIFESTYLES":[{"value":"Suitable for Vegetarians","matchLevel":"none","matchedWords":[]}]}},{"ID":"1000131239627","STATUS":"A","PHARMACY_RESTRICTED":false,"CIN":"6413986","START_DATE":1558008000.0,"END_DATE":1924948800.0,"NAME":"Cheese Spread 145g","CS_YES":false,"SHOW_PRICE_CS":true,"SALES_TYPE":"Each","IMAGE_ID":"7622210318947","BRAND":"Dairylea","IS_BWS":false,"IS_FROZEN":false,"IS_SPONSORED":false,"PRICES":{"EN":{"OFFER":"Dropped","PRICE":1.42,"WASPRICE":1.75,"PRICEPERUOM":9.7931,"PRICEPERUOMFORMATTED":"£9.79/KG"}},"PRIMARY_TAXONOMY":{"CAT_ID":"1215660378320","CAT_NAME":"Chilled Food","DEPT_ID":"1215341805721","DEPT_NAME":"Cheese","AISLE_ID":"1215341805865","AISLE_NAME":"Soft & Cottage Cheese","SHELF_ID":"1215341810422","SHELF_NAME":"Cheese Spreads"},"IS_FTO":false,"PRODUCT_TYPE":"STANDARD","AVG_RATING":4.7343,"RATING_COUNT":143.0,"PACK_SIZE":"145G","STOCK":{"4565":999},"MAX_QTY":10,"objectID":"6413986","_highlightResult":{"ID":{"value":"1000131239627","matchLevel":"none","matchedWords":[]},"CIN":{"value":"6413986","matchLevel":"none","matchedWords":[]},"NAME":{"value":"<em>Cheese</em> Spread 145g","matchLevel":"full","fullyHighlighted":false,"matchedWords":["cheese"]},"KEYWORDS":{"value":"lunch box,lunchbox,lunch bag","matchLevel":"none","matchedWords":[]},"BRAND":{"value":"Dairylea","matchLevel":"none","matchedWords":[]},"PRIMARY_TAXONOMY":{"AISLE_NAME":{"value":"Soft & Cottage <em>Cheese</em>","matchLevel":"full","fullyHighlighted":false,"matchedWords":["cheese"]},"SHELF_NAME":{"value":"<em>Cheese</em> Spreads","matchLevel":"full","fullyHighlighted":false,"matchedWords":["cheese"]}},"LIFESTYLES":[{"value":"Suitable for Vegetarians","matchLevel":"none","matchedWords":[]}]}},{"ID":"1000154478464","STATUS":"A","PHARMACY_RESTRICTED":false,"CIN":"6493003","START_DATE":1565697600.0,"END_DATE":1924948800.0,"NAME":"Double Gloucester with Onion & Chives 200g","CS_YES":false,"SHOW_PRICE_CS":true,"SALES_TYPE":"Each","IMAGE_ID":"5057172205905","BRAND":"ASDA","IS_BWS":false,"IS_FROZEN":false,"IS_SPONSORED":false,"PRICES":{"EN":{"OFFER":"List","PRICE":2.54,"PRICEPERUOM":12.7,"PRICEPERUOMFORMATTED":"£12.70/KG"}},"PRIMARY_TAXONOMY":{"CAT_ID":"1215660378320","CAT_NAME":"Chilled Food","DEPT_ID":"1215341805721","DEPT_NAME":"Cheese","AISLE_ID":"1215341805765","AISLE_NAME":"Cheddar & Regional Cheese","SHELF_ID":"1215341808998","SHELF_NAME":"Red Leicester & Gloucester"},"IS_FTO":false,"PRODUCT_TYPE":"STANDARD","AVG_RATING":4.7119,"RATING_COUNT":59.0,"ICONS":[{"ID":"51000002","ICON_NAME":"801_NoShellfish","CLICKABLE":false,"IMAGE_URL":"https://ui.assets-asda.com/dm/_000_Icon?&$Icon-wapp$","START_DATE":1551700800,"END_DATE":1551873600,"PRIORITY":10440.0},{"ID":"55200006","ICON_NAME":"_008_RedTractorAUTO","CLICKABLE":true,"IMAGE_URL":"https://ui.assets-asda.com/dm/_008_redtractor?&$icon-wapp$","START_DATE":1609329600,"END_DATE":1682510400,"PRIORITY":5354.0},{"ID":"1215429129918","ICON_NAME":"_043_British","CLICKABLE":true,"IMAGE_URL":"https://ui.assets-asda.com/dm/_043_british?","END_DATE":1682510400,"PRIORITY":5435.0}],"PACK_SIZE":"200G","STOCK":{"4565":999},"MAX_QTY":10,"objectID":"6493003","_highlightResult":{"ID":{"value":"1000154478464","matchLevel":"none","matchedWords":[]},"CIN":{"value":"6493003","matchLevel":"none","matchedWords":[]},"NAME":{"value":"Double Gloucester with Onion & Chives 200g","matchLevel":"none","matchedWords":[]},"KEYWORDS":{"value":"christmas <em>cheese</em>,xmas <em>cheese</em>","matchLevel":"full","fullyHighlighted":false,"matchedWords":["cheese"]},"BRAND":{"value":"ASDA","matchLevel":"none","matchedWords":[]},"PRIMARY_TAXONOMY":{"AISLE_NAME":{"value":"Cheddar & Regional <em>Cheese</em>","matchLevel":"full","fullyHighlighted":false,"matchedWords":["cheese"]},"SHELF_NAME":{"value":"Red Leicester & Gloucester","matchLevel":"none","matchedWords":[]}},"LIFESTYLES":[{"value":"Suitable for Vegetarians","matchLevel":"none","matchedWords":[]}]}},{"ID":"1000383142828","STATUS":"A","PHARMACY_RESTRICTED":false,"CIN":"7497567","START_DATE":1677499200.0,"END_DATE":1924948800.0,"NAME":"Mature Cheddar Cheese","CS_YES":false,"SHOW_PRICE_CS":true,"SALES_TYPE":"Each","IMAGE_ID":"5063089019696","BRAND":"ASDA","IS_BWS":false,"IS_FROZEN":false,"IS_SPONSORED":false,"PRICES":{"EN":{"OFFER":"List","PRICE":2.82,"PRICEPERUOM":11.28,"PRICEPERUOMFORMATTED":"£11.28/KG"}},"PRIMARY_TAXONOMY":{"CAT_ID":"1215660378320","CAT_NAME":"Chilled Food","DEPT_ID":"1215341805721","DEPT_NAME":"Cheese","AISLE_ID":"1215341805765","AISLE_NAME":"Cheddar & Regional Cheese","SHELF_ID":"1215341808760","SHELF_NAME":"Mature Cheese"},"IS_FTO":false,"PRODUCT_TYPE":"STANDARD","AVG_RATING":4.4444,"RATING_COUNT":54.0,"ICONS":[{"ID":"51000002","ICON_NAME":"801_NoShellfish","CLICKABLE":false,"IMAGE_URL":"https://ui.assets-asda.com/dm/_000_Icon?&$Icon-wapp$","START_DATE":1551700800,"END_DATE":1551873600,"PRIORITY":10440.0},{"ID":"55200006","ICON_NAME":"_008_RedTractorAUTO","CLICKABLE":true,"IMAGE_URL":"https://ui.assets-asda.com/dm/_008_redtractor?&$icon-wapp$","START_DATE":1609329600,"END_DATE":1682510400,"PRIORITY":5354.0}],"PACK_SIZE":"250G","STOCK":{"4565":999},"MAX_QTY":10,"objectID":"7497567","_highlightResult":{"ID":{"value":"1000383142828","matchLevel":"none","matchedWords":[]},"CIN":{"value":"7497567","matchLevel":"none","matchedWords":[]},"NAME":{"value":"Mature Cheddar <em>Cheese</em>","matchLevel":"full","fullyHighlighted":false,"matchedWords":["cheese"]},"BRAND":{"value":"ASDA","matchLevel":"none","matchedWords":[]},"PRIMARY_TAXONOMY":{"AISLE_NAME":{"value":"Cheddar & Regional <em>Cheese</em>","matchLevel":"full","fullyHighlighted":false,"matchedWords":["cheese"]},"SHELF_NAME":{"value":"Mature <em>Cheese</em>","matchLevel":"full","fullyHighlighted":false,"matchedWords":["cheese"]}},"LIFESTYLES":[{"value":"Suitable for Vegetarians","matchLevel":"none","matchedWords":[]}]}},{"ID":"13307594","STATUS":"A","PHARMACY_RESTRICTED":false,"CIN":"1773087","START_DATE":-2208945600.0,"END_DATE":1924948800.0,"NAME":"Garlic & Herbs Soft French Cream Cheese 150g","CS_YES":false,"SHOW_PRICE_CS":true,"SALES_TYPE":"Each","IMAGE_ID":"3175460000017","BRAND":"Boursin","IS_BWS":false,"IS_FROZEN":false,"IS_SPONSORED":false,"PRICES":{"EN":{"OFFER":"List","PRICE":2.94,"PRICEPERUOM":19.6,"PRICEPERUOMFORMATTED":"£19.60/KG"}},"PRIMARY_TAXONOMY":{"CAT_ID":"1215660378320","CAT_NAME":"Chilled Food","DEPT_ID":"1215341805721","DEPT_NAME":"Cheese","AISLE_ID":"1215341805865","AISLE_NAME":"Soft & Cottage Cheese","SHELF_ID":"1215341810422","SHELF_NAME":"Cheese Spreads"},"IS_FTO":false,"PRODUCT_TYPE":"STANDARD","AVG_RATING":4.7033,"RATING_COUNT":182.0,"ICONS":[{"ID":"51000002","ICON_NAME":"801_NoShellfish","CLICKABLE":false,"IMAGE_URL":"https://ui.assets-asda.com/dm/_000_Icon?&$Icon-wapp$","START_DATE":1551700800,"END_DATE":1551873600,"PRIORITY":10440.0}],"PACK_SIZE":"150G","STOCK":{"4565":999},"MAX_QTY":10,"objectID":"1773087","_highlightResult":{"ID":{"value":"13307594","matchLevel":"none","matchedWords":[]},"CIN":{"value":"1773087","matchLevel":"none","matchedWords":[]},"NAME":{"value":"Garlic & Herbs Soft French Cream <em>Cheese</em> 150g","matchLevel":"full","fullyHighlighted":false,"matchedWords":["cheese"]},"KEYWORDS":{"value":"<em>cheese</em>board,soft <em>cheese</em>,<em>cheese</em>board,french <em>cheese</em>,soft french <em>cheese</em>,intense <em>cheese</em>,christmas <em>cheese</em>,cooking <em>cheese</em>,cream <em>cheese</em>,garlic <em>cheese</em>,<em>cheese</em> spread,continental <em>cheese</em>,<em>cheese</em> board","matchLevel":"full","fullyHighlighted":false,"matchedWords":["cheese"]},"BRAND":{"value":"Boursin","matchLevel":"none","matchedWords":[]},"PRIMARY_TAXONOMY":{"AISLE_NAME":{"value":"Soft & Cottage <em>Cheese</em>","matchLevel":"full","fullyHighlighted":false,"matchedWords":["cheese"]},"SHELF_NAME":{"value":"<em>Cheese</em> Spreads","matchLevel":"full","fullyHighlighted":false,"matchedWords":["cheese"]}}}},{"ID":"910001331711","STATUS":"A","PHARMACY_RESTRICTED":false,"CIN":"4642101","START_DATE":1397131200.0,"END_DATE":1924948800.0,"NAME":"British Mild Grated Cheddar Cheese 250g","CS_YES":false,"SHOW_PRICE_CS":true,"SALES_TYPE":"Each","IMAGE_ID":"5054070243879","BRAND":"ASDA","IS_BWS":false,"IS_FROZEN":false,"IS_SPONSORED":false,"PRICES":{"EN":{"OFFER":"List","PRICE":2.54,"PRICEPERUOM":10.16,"PRICEPERUOMFORMATTED":"£10.16/KG"}},"PRIMARY_TAXONOMY":{"CAT_ID":"1215660378320","CAT_NAME":"Chilled Food","DEPT_ID":"1215341805721","DEPT_NAME":"Cheese","AISLE_ID":"1215341805765","AISLE_NAME":"Cheddar & Regional Cheese","SHELF_ID":"1215626750653","SHELF_NAME":"Grated & Sliced Cheese"},"IS_FTO":false,"PRODUCT_TYPE":"STANDARD","AVG_RATING":4.3,"RATING_COUNT":60.0,"PROMOS":{"EN":[{"ID":"10000479757","NAME":"Any 2 for £4.48","END_DATE":1767225599.0,"START_DATE":1755820800.0,"TYPE":15}]},"ICONS":[{"ID":"51000002","ICON_NAME":"801_NoShellfish","CLICKABLE":false,"IMAGE_URL":"https://ui.assets-asda.com/dm/_000_Icon?&$Icon-wapp$","START_DATE":1551700800,"END_DATE":1551873600,"PRIORITY":10440.0},{"ID":"55200006","ICON_NAME":"_008_RedTractorAUTO","CLICKABLE":true,"IMAGE_URL":"https://ui.assets-asda.com/dm/_008_redtractor?&$icon-wapp$","START_DATE":1609329600,"END_DATE":1682510400,"PRIORITY":5354.0},{"ID":"1215429129918","ICON_NAME":"_043_British","CLICKABLE":true,"IMAGE_URL":"https://ui.assets-asda.com/dm/_043_british?","END_DATE":1682510400,"PRIORITY":5435.0},{"ID":"1215559958453","ICON_NAME":"_122_farmerowned","CLICKABLE":true,"IMAGE_URL":"https://ui.assets-asda.com/dm/_122_farmerowned?","END_DATE":1682510400,"PRIORITY":1562.0}],"PACK_SIZE":"250G","STOCK":{"4565":999},"MAX_QTY":10,"objectID":"4642101","_highlightResult":{"ID":{"value":"910001331711","matchLevel":"none","matchedWords":[]},"CIN":{"value":"4642101","matchLevel":"none","matchedWords":[]},"NAME":{"value":"British Mild Grated Cheddar <em>Cheese</em> 250g","matchLevel":"full","fullyHighlighted":false,"matchedWords":["cheese"]},"BRAND":{"value":"ASDA","matchLevel":"none","matchedWords":[]},"PRIMARY_TAXONOMY":{"AISLE_NAME":{"value":"Cheddar & Regional <em>Cheese</em>","matchLevel":"full","fullyHighlighted":false,"matchedWords":["cheese"]},"SHELF_NAME":{"value":"Grated & Sliced <em>Cheese</em>","matchLevel":"full","fullyHighlighted":false,"matchedWords":["cheese"]}},"LIFESTYLES":[{"value":"Suitable for Vegetarians","matchLevel":"none","matchedWords":[]}]}},{"ID":"910001256396","STATUS":"A","PHARMACY_RESTRICTED":false,"CIN":"4545237","START_DATE":-2208945600.0,"END_DATE":1924948800.0,"NAME":"British 10 Mild Cheddar Cheese Slices","CS_YES":false,"SHOW_PRICE_CS":true,"SALES_TYPE":"Each","IMAGE_ID":"5054070150375","BRAND":"ASDA","IS_BWS":false,"IS_FROZEN":false,"IS_SPONSORED":false,"PRICES":{"EN":{"OFFER":"List","PRICE":2.54,"PRICEPERUOM":10.16,"PRICEPERUOMFORMATTED":"£10.16/KG"}},"PRIMARY_TAXONOMY":{"CAT_ID":"1215660378320","CAT_NAME":"Chilled Food","DEPT_ID":"1215341805721","DEPT_NAME":"Cheese","AISLE_ID":"1215341805765","AISLE_NAME":"Cheddar & Regional Cheese","SHELF_ID":"1215626750653","SHELF_NAME":"Grated & Sliced Cheese"},"IS_FTO":false,"PRODUCT_TYPE":"STANDARD","AVG_RATING":4.4789,"RATING_COUNT":71.0,"PROMOS":{"EN":[{"ID":"10000479757","NAME":"Any 2 for £4.48","END_DATE":1767225599.0,"START_DATE":1755820800.0,"TYPE":15}]},"ICONS":[{"ID":"51000002","ICON_NAME":"801_NoShellfish","CLICKABLE":false,"IMAGE_URL":"https://ui.assets-asda.com/dm/_000_Icon?&$Icon-wapp$","START_DATE":1551700800,"END_DATE":1551873600,"PRIORITY":10440.0},{"ID":"55200006","ICON_NAME":"_008_RedTractorAUTO","CLICKABLE":true,"IMAGE_URL":"https://ui.assets-asda.com/dm/_008_redtractor?&$icon-wapp$","START_DATE":1609329600,"END_DATE":1682510400,"PRIORITY":5354.0},{"ID":"59600445","ICON_NAME":"M&S Taste Match","CLICKABLE":true,"IMAGE_URL":"https://ui.assets-asda.com/dm/M-S-Taste-Match-Icon?","START_DATE":1695643200,"END_DATE":1725019200,"PRIORITY":70.0},{"ID":"1215429129918","ICON_NAME":"_043_British","CLICKABLE":true,"IMAGE_URL":"https://ui.assets-asda.com/dm/_043_british?","END_DATE":1682510400,"PRIORITY":5435.0},{"ID":"1215559958453","ICON_NAME":"_122_farmerowned","CLICKABLE":true,"IMAGE_URL":"https://ui.assets-asda.com/dm/_122_farmerowned?","END_DATE":1682510400,"PRIORITY":1562.0}],"PACK_SIZE":"250G","STOCK":{"4565":999},"MAX_QTY":10,"objectID":"4545237","_highlightResult":{"ID":{"value":"910001256396","matchLevel":"none","matchedWords":[]},"CIN":{"value":"4545237","matchLevel":"none","matchedWords":[]},"NAME":{"value":"British 10 Mild Cheddar <em>Cheese</em> Slices","matchLevel":"full","fullyHighlighted":false,"matchedWords":["cheese"]},"KEYWORDS":{"value":"M&S taste match,taste match,M&S Taste match,taste match,burger <em>cheese</em>,packed lunch,pack lunch,sandwich fillings","matchLevel":"full","fullyHighlighted":false,"matchedWords":["cheese"]},"BRAND":{"value":"ASDA","matchLevel":"none","matchedWords":[]},"PRIMARY_TAXONOMY":{"AISLE_NAME":{"value":"Cheddar & Regional <em>Cheese</em>","matchLevel":"full","fullyHighlighted":false,"matchedWords":["cheese"]},"SHELF_NAME":{"value":"Grated & Sliced <em>Cheese</em>","matchLevel":"full","fullyHighlighted":false,"matchedWords":["cheese"]}},"LIFESTYLES":[{"value":"Suitable for Vegetarians","matchLevel":"none","matchedWords":[]}]}},{"ID":"1000383142864","STATUS":"A","PHARMACY_RESTRICTED":false,"CIN":"7497571","START_DATE":1677499200.0,"END_DATE":1924948800.0,"NAME":"Red Leicester British Cheese","CS_YES":false,"SHOW_PRICE_CS":true,"SALES_TYPE":"Each","IMAGE_ID":"5063089019733","BRAND":"ASDA","IS_BWS":false,"IS_FROZEN":false,"IS_SPONSORED":false,"PRICES":{"EN":{"OFFER":"List","PRICE":2.82,"PRICEPERUOM":11.28,"PRICEPERUOMFORMATTED":"£11.28/KG"}},"PRIMARY_TAXONOMY":{"CAT_ID":"1215660378320","CAT_NAME":"Chilled Food","DEPT_ID":"1215341805721","DEPT_NAME":"Cheese","AISLE_ID":"1215341805765","AISLE_NAME":"Cheddar & Regional Cheese","SHELF_ID":"1215341808998","SHELF_NAME":"Red Leicester & Gloucester"},"IS_FTO":false,"PRODUCT_TYPE":"STANDARD","AVG_RATING":4.5882,"RATING_COUNT":51.0,"ICONS":[{"ID":"51000002","ICON_NAME":"801_NoShellfish","CLICKABLE":false,"IMAGE_URL":"https://ui.assets-asda.com/dm/_000_Icon?&$Icon-wapp$","START_DATE":1551700800,"END_DATE":1551873600,"PRIORITY":10440.0},{"ID":"55200006","ICON_NAME":"_008_RedTractorAUTO","CLICKABLE":true,"IMAGE_URL":"https://ui.assets-asda.com/dm/_008_redtractor?&$icon-wapp$","START_DATE":1609329600,"END_DATE":1682510400,"PRIORITY":5354.0}],"PACK_SIZE":"250G","STOCK":{"4565":999},"MAX_QTY":10,"objectID":"7497571","_highlightResult":{"ID":{"value":"1000383142864","matchLevel":"none","matchedWords":[]},"CIN":{"value":"7497571","matchLevel":"none","matchedWords":[]},"NAME":{"value":"Red Leicester British <em>Cheese</em>","matchLevel":"full","fullyHighlighted":false,"matchedWords":["cheese"]},"BRAND":{"value":"ASDA","matchLevel":"none","matchedWords":[]},"PRIMARY_TAXONOMY":{"AISLE_NAME":{"value":"Cheddar & Regional <em>Cheese</em>","matchLevel":"full","fullyHighlighted":false,"matchedWords":["cheese"]},"SHELF_NAME":{"value":"Red Leicester & Gloucester","matchLevel":"none","matchedWords":[]}},"LIFESTYLES":[{"value":"Suitable for Vegetarians","matchLevel":"none","matchedWords":[]}]}},{"ID":"910000542825","STATUS":"A","PHARMACY_RESTRICTED":false,"CIN":"3844549","START_DATE":1440417600.0,"END_DATE":1924948800.0,"NAME":"Creamy Original Soft Cheese 200g","CS_YES":false,"SHOW_PRICE_CS":true,"SALES_TYPE":"Each","IMAGE_ID":"5052449483161","BRAND":"ASDA","IS_BWS":false,"IS_FROZEN":false,"IS_SPONSORED":false,"PRICES":{"EN":{"OFFER":"List","PRICE":1.48,"PRICEPERUOM":7.4,"PRICEPERUOMFORMATTED":"£7.40/KG"}},"PRIMARY_TAXONOMY":{"CAT_ID":"1215660378320","CAT_NAME":"Chilled Food","DEPT_ID":"1215341805721","DEPT_NAME":"Cheese","AISLE_ID":"1215341805865","AISLE_NAME":"Soft & Cottage Cheese","SHELF_ID":"1215341810303","SHELF_NAME":"Soft Cheese"},"IS_FTO":false,"PRODUCT_TYPE":"STANDARD","AVG_RATING":4.5754,"RATING_COUNT":179.0,"ICONS":[{"ID":"51000002","ICON_NAME":"801_NoShellfish","CLICKABLE":false,"IMAGE_URL":"https://ui.assets-asda.com/dm/_000_Icon?&$Icon-wapp$","START_DATE":1551700800,"END_DATE":1551873600,"PRIORITY":10440.0}],"PACK_SIZE":"200G","STOCK":{"4565":999},"MAX_QTY":10,"objectID":"3844549","_highlightResult":{"ID":{"value":"910000542825","matchLevel":"none","matchedWords":[]},"CIN":{"value":"3844549","matchLevel":"none","matchedWords":[]},"NAME":{"value":"Creamy Original Soft <em>Cheese</em> 200g","matchLevel":"full","fullyHighlighted":false,"matchedWords":["cheese"]},"KEYWORDS":{"value":"packed lunch,cream <em>cheese</em>,<em>cheese</em> spread","matchLevel":"full","fullyHighlighted":false,"matchedWords":["cheese"]},"BRAND":{"value":"ASDA","matchLevel":"none","matchedWords":[]},"PRIMARY_TAXONOMY":{"AISLE_NAME":{"value":"Soft & Cottage <em>Cheese</em>","matchLevel":"full","fullyHighlighted":false,"matchedWords":["cheese"]},"SHELF_NAME":{"value":"Soft <em>Cheese</em>","matchLevel":"full","fullyHighlighted":false,"matchedWords":["cheese"]}},"LIFESTYLES":[{"value":"Suitable for Vegetarians","matchLevel":"none","matchedWords":[]}]}},{"ID":"1000383142851","STATUS":"A","PHARMACY_RESTRICTED":false,"CIN":"7497565","START_DATE":1669636800.0,"END_DATE":1924948800.0,"NAME":"British Mild Cheddar 250g","CS_YES":false,"SHOW_PRICE_CS":true,"SALES_TYPE":"Each","IMAGE_ID":"5063089019672","BRAND":"ASDA","IS_BWS":false,"IS_FROZEN":false,"IS_SPONSORED":false,"PRICES":{"EN":{"OFFER":"List","PRICE":2.82,"PRICEPERUOM":11.28,"PRICEPERUOMFORMATTED":"£11.28/KG"}},"PRIMARY_TAXONOMY":{"CAT_ID":"1215660378320","CAT_NAME":"Chilled Food","DEPT_ID":"1215341805721","DEPT_NAME":"Cheese","AISLE_ID":"1215341805765","AISLE_NAME":"Cheddar & Regional Cheese","SHELF_ID":"1215341808640","SHELF_NAME":"Mild & Medium Cheese"},"IS_FTO":false,"PRODUCT_TYPE":"STANDARD","AVG_RATING":4.5854,"RATING_COUNT":41.0,"ICONS":[{"ID":"51000002","ICON_NAME":"801_NoShellfish","CLICKABLE":false,"IMAGE_URL":"https://ui.assets-asda.com/dm/_000_Icon?&$Icon-wapp$","START_DATE":1551700800,"END_DATE":1551873600,"PRIORITY":10440.0},{"ID":"55200006","ICON_NAME":"_008_RedTractorAUTO","CLICKABLE":true,"IMAGE_URL":"https://ui.assets-asda.com/dm/_008_redtractor?&$icon-wapp$","START_DATE":1609329600,"END_DATE":1682510400,"PRIORITY":5354.0},{"ID":"1215429129918","ICON_NAME":"_043_British","CLICKABLE":true,"IMAGE_URL":"https://ui.assets-asda.com/dm/_043_british?","END_DATE":1682510400,"PRIORITY":5435.0}],"PACK_SIZE":"250G","STOCK":{"4565":999},"MAX_QTY":10,"objectID":"7497565","_highlightResult":{"ID":{"value":"1000383142851","matchLevel":"none","matchedWords":[]},"CIN":{"value":"7497565","matchLevel":"none","matchedWords":[]},"NAME":{"value":"British Mild Cheddar 250g","matchLevel":"none","matchedWords":[]},"BRAND":{"value":"ASDA","matchLevel":"none","matchedWords":[]},"PRIMARY_TAXONOMY":{"AISLE_NAME":{"value":"Cheddar & Regional <em>Cheese</em>","matchLevel":"full","fullyHighlighted":false,"matchedWords":["cheese"]},"SHELF_NAME":{"value":"Mild & Medium <em>Cheese</em>","matchLevel":"full","fullyHighlighted":false,"matchedWords":["cheese"]}},"LIFESTYLES":[{"value":"Suitable for Vegetarians","matchLevel":"none","matchedWords":[]}]}},{"ID":"910002987951","STATUS":"A","PHARMACY_RESTRICTED":false,"CIN":"5717695","START_DATE":1486987200.0,"END_DATE":1924948800.0,"NAME":"British Mild Cheddar 750g","CS_YES":false,"SHOW_PRICE_CS":true,"SALES_TYPE":"Each","IMAGE_ID":"5054781337287","BRAND":"ASDA","IS_BWS":false,"IS_FROZEN":false,"IS_SPONSORED":false,"PRICES":{"EN":{"OFFER":"List","PRICE":4.92,"PRICEPERUOM":6.56,"PRICEPERUOMFORMATTED":"£6.56/KG"}},"PRIMARY_TAXONOMY":{"CAT_ID":"1215660378320","CAT_NAME":"Chilled Food","DEPT_ID":"1215341805721","DEPT_NAME":"Cheese","AISLE_ID":"1215341805765","AISLE_NAME":"Cheddar & Regional Cheese","SHELF_ID":"1215341808640","SHELF_NAME":"Mild & Medium Cheese"},"IS_FTO":false,"PRODUCT_TYPE":"STANDARD","AVG_RATING":4.3451,"RATING_COUNT":255.0,"ICONS":[{"ID":"51000002","ICON_NAME":"801_NoShellfish","CLICKABLE":false,"IMAGE_URL":"https://ui.assets-asda.com/dm/_000_Icon?&$Icon-wapp$","START_DATE":1551700800,"END_DATE":1551873600,"PRIORITY":10440.0},{"ID":"55200006","ICON_NAME":"_008_RedTractorAUTO","CLICKABLE":true,"IMAGE_URL":"https://ui.assets-asda.com/dm/_008_redtractor?&$icon-wapp$","START_DATE":1609329600,"END_DATE":1682510400,"PRIORITY":5354.0}],"PACK_SIZE":"750G","STOCK":{"4565":999},"MAX_QTY":10,"objectID":"5717695","_highlightResult":{"ID":{"value":"910002987951","matchLevel":"none","matchedWords":[]},"CIN":{"value":"5717695","matchLevel":"none","matchedWords":[]},"NAME":{"value":"British Mild Cheddar 750g","matchLevel":"none","matchedWords":[]},"BRAND":{"value":"ASDA","matchLevel":"none","matchedWords":[]},"PRIMARY_TAXONOMY":{"AISLE_NAME":{"value":"Cheddar & Regional <em>Cheese</em>","matchLevel":"full","fullyHighlighted":false,"matchedWords":["cheese"]},"SHELF_NAME":{"value":"Mild & Medium <em>Cheese</em>","matchLevel":"full","fullyHighlighted":false,"matchedWords":["cheese"]}},"LIFESTYLES":[{"value":"Suitable for Vegetarians","matchLevel":"none","matchedWords":[]}]}},{"ID":"1000383274087","STATUS":"A","PHARMACY_RESTRICTED":false,"CIN":"9247516","START_DATE":1749211200.0,"END_DATE":1924948800.0,"NAME":"10 Mature Cheesy Slices 10x20g (200g)","CS_YES":false,"SHOW_PRICE_CS":true,"SALES_TYPE":"Each","IMAGE_ID":"5063089827420","BRAND":"ASDA","IS_BWS":false,"IS_FROZEN":false,"IS_SPONSORED":false,"PRICES":{"EN":{"OFFER":"List","PRICE":1.2,"PRICEPERUOM":6.0,"PRICEPERUOMFORMATTED":"£6.00/KG"}},"PRIMARY_TAXONOMY":{"CAT_ID":"1215660378320","CAT_NAME":"Chilled Food","DEPT_ID":"1215341805721","DEPT_NAME":"Cheese","AISLE_ID":"1215341805815","AISLE_NAME":"Grated & Sliced Cheese","SHELF_ID":"1215341810182","SHELF_NAME":"Cheese Slices"},"IS_FTO":false,"PRODUCT_TYPE":"STANDARD","AVG_RATING":5.0,"RATING_COUNT":3.0,"PACK_SIZE":"200g","STOCK":{"4565":999},"MAX_QTY":10,"objectID":"9247516","_highlightResult":{"ID":{"value":"1000383274087","matchLevel":"none","matchedWords":[]},"CIN":{"value":"9247516","matchLevel":"none","matchedWords":[]},"NAME":{"value":"10 Mature Cheesy Slices 10x20g (200g)","matchLevel":"none","matchedWords":[]},"BRAND":{"value":"ASDA","matchLevel":"none","matchedWords":[]},"PRIMARY_TAXONOMY":{"AISLE_NAME":{"value":"Grated & Sliced <em>Cheese</em>","matchLevel":"full","fullyHighlighted":false,"matchedWords":["cheese"]},"SHELF_NAME":{"value":"<em>Cheese</em> Slices","matchLevel":"full","fullyHighlighted":false,"matchedWords":["cheese"]}},"LIFESTYLES":[{"value":"Suitable for Vegetarians","matchLevel":"none","matchedWords":[]}]}},{"ID":"910002128511","STATUS":"A","PHARMACY_RESTRICTED":false,"CIN":"5244098","START_DATE":1562328000.0,"END_DATE":1924948800.0,"NAME":"Gouda Cheese","CS_YES":false,"SHOW_PRICE_CS":true,"SALES_TYPE":"Each","IMAGE_ID":"5054070628096","BRAND":"ASDA","IS_BWS":false,"IS_FROZEN":false,"IS_SPONSORED":false,"PRICES":{"EN":{"OFFER":"Dropped","PRICE":1.84,"WASPRICE":1.96,"PRICEPERUOM":9.2,"PRICEPERUOMFORMATTED":"£9.20/KG"}},"PRIMARY_TAXONOMY":{"CAT_ID":"1215660378320","CAT_NAME":"Chilled Food","DEPT_ID":"1215341805721","DEPT_NAME":"Cheese","AISLE_ID":"1215341806015","AISLE_NAME":"Continental Cheese","SHELF_ID":"1215627294585","SHELF_NAME":"Parmesan & Hard Cheese"},"IS_FTO":false,"PRODUCT_TYPE":"STANDARD","AVG_RATING":4.6087,"RATING_COUNT":46.0,"ICONS":[{"ID":"51000002","ICON_NAME":"801_NoShellfish","CLICKABLE":false,"IMAGE_URL":"https://ui.assets-asda.com/dm/_000_Icon?&$Icon-wapp$","START_DATE":1551700800,"END_DATE":1551873600,"PRIORITY":10440.0}],"PACK_SIZE":"200G","STOCK":{"4565":999},"MAX_QTY":10,"objectID":"5244098","_highlightResult":{"ID":{"value":"910002128511","matchLevel":"none","matchedWords":[]},"CIN":{"value":"5244098","matchLevel":"none","matchedWords":[]},"NAME":{"value":"Gouda <em>Cheese</em>","matchLevel":"full","fullyHighlighted":false,"matchedWords":["cheese"]},"BRAND":{"value":"ASDA","matchLevel":"none","matchedWords":[]},"PRIMARY_TAXONOMY":{"AISLE_NAME":{"value":"Continental <em>Cheese</em>","matchLevel":"full","fullyHighlighted":false,"matchedWords":["cheese"]},"SHELF_NAME":{"value":"Parmesan & Hard <em>Cheese</em>","matchLevel":"full","fullyHighlighted":false,"matchedWords":["cheese"]}}}},{"ID":"1000371550354","STATUS":"A","PHARMACY_RESTRICTED":false,"CIN":"7345725","START_DATE":-2208945600.0,"END_DATE":1924948800.0,"NAME":"Garlic & Herb Soft Cheese","CS_YES":false,"SHOW_PRICE_CS":true,"SALES_TYPE":"Each","IMAGE_ID":"7622210307309","BRAND":"Philadelphia","IS_BWS":false,"IS_FROZEN":false,"IS_SPONSORED":false,"PRICES":{"EN":{"OFFER":"Rollback","PRICE":1.28,"WASPRICE":2.08,"PRICEPERUOM":7.75758,"PRICEPERUOMFORMATTED":"£7.76/KG"}},"PRIMARY_TAXONOMY":{"CAT_ID":"1215660378320","CAT_NAME":"Chilled Food","DEPT_ID":"1215341805721","DEPT_NAME":"Cheese","AISLE_ID":"1215341805865","AISLE_NAME":"Soft & Cottage Cheese","SHELF_ID":"1215341810303","SHELF_NAME":"Soft Cheese"},"IS_FTO":false,"PRODUCT_TYPE":"STANDARD","AVG_RATING":4.7748,"RATING_COUNT":111.0,"ICONS":[{"ID":"51000002","ICON_NAME":"801_NoShellfish","CLICKABLE":false,"IMAGE_URL":"https://ui.assets-asda.com/dm/_000_Icon?&$Icon-wapp$","START_DATE":1551700800,"END_DATE":1551873600,"PRIORITY":10440.0}],"PACK_SIZE":"165G","STOCK":{"4565":999},"MAX_QTY":10,"objectID":"7345725","_highlightResult":{"ID":{"value":"1000371550354","matchLevel":"none","matchedWords":[]},"CIN":{"value":"7345725","matchLevel":"none","matchedWords":[]},"NAME":{"value":"Garlic & Herb Soft <em>Cheese</em>","matchLevel":"full","fullyHighlighted":false,"matchedWords":["cheese"]},"BRAND":{"value":"Philadelphia","matchLevel":"none","matchedWords":[]},"PRIMARY_TAXONOMY":{"AISLE_NAME":{"value":"Soft & Cottage <em>Cheese</em>","matchLevel":"full","fullyHighlighted":false,"matchedWords":["cheese"]},"SHELF_NAME":{"value":"Soft <em>Cheese</em>","matchLevel":"full","fullyHighlighted":false,"matchedWords":["cheese"]}},"LIFESTYLES":[{"value":"Suitable for Vegetarians","matchLevel":"none","matchedWords":[]}]}},{"ID":"1000383253725","STATUS":"A","PHARMACY_RESTRICTED":false,"CIN":"9189935","START_DATE":1742904000.0,"END_DATE":1924948800.0,"NAME":"British Cheese Selection 475g","CS_YES":false,"SHOW_PRICE_CS":true,"SALES_TYPE":"Each","IMAGE_ID":"5063089700730","BRAND":"ASDA","IS_BWS":false,"IS_FROZEN":false,"IS_SPONSORED":false,"PRICES":{"EN":{"OFFER":"List","PRICE":6.48,"PRICEPERUOM":13.64211,"PRICEPERUOMFORMATTED":"£13.64/KG"}},"PRIMARY_TAXONOMY":{"CAT_ID":"1215660378320","CAT_NAME":"Chilled Food","DEPT_ID":"1215341805721","DEPT_NAME":"Cheese","AISLE_ID":"1215341805765","AISLE_NAME":"Cheddar & Regional Cheese","SHELF_ID":"1215341808760","SHELF_NAME":"Mature Cheese"},"IS_FTO":false,"PRODUCT_TYPE":"STANDARD","AVG_RATING":4.619,"RATING_COUNT":21.0,"ICONS":[{"ID":"59600047","ICON_NAME":"Typically fresh for 6 days","CLICKABLE":true,"IMAGE_URL":"https://ui.assets-asda.com/dm/produce-6-days-icon?","START_DATE":1625227200,"END_DATE":1914408000,"PRIORITY":23.0}],"PACK_SIZE":"475G","STOCK":{"4565":999},"MAX_QTY":10,"objectID":"9189935","_highlightResult":{"ID":{"value":"1000383253725","matchLevel":"none","matchedWords":[]},"CIN":{"value":"9189935","matchLevel":"none","matchedWords":[]},"NAME":{"value":"British <em>Cheese</em> Selection 475g","matchLevel":"full","fullyHighlighted":false,"matchedWords":["cheese"]},"KEYWORDS":{"value":"<em>cheese</em>board,<em>cheese</em> board,christmas <em>cheese</em>,xmas <em>cheese</em>,brie,cheddar,mature cheddar,red leicester,wensleydale,stilton,blue <em>cheese</em>","matchLevel":"full","fullyHighlighted":false,"matchedWords":["cheese"]},"BRAND":{"value":"ASDA","matchLevel":"none","matchedWords":[]},"PRIMARY_TAXONOMY":{"AISLE_NAME":{"value":"Cheddar & Regional <em>Cheese</em>","matchLevel":"full","fullyHighlighted":false,"matchedWords":["cheese"]},"SHELF_NAME":{"value":"Mature <em>Cheese</em>","matchLevel":"full","fullyHighlighted":false,"matchedWords":["cheese"]}},"LIFESTYLES":[{"value":"Suitable for Vegetarians","matchLevel":"none","matchedWords":[]}]}},{"ID":"1000242609280","STATUS":"A","PHARMACY_RESTRICTED":false,"CIN":"6793864","START_DATE":1603195200.0,"END_DATE":1924948800.0,"NAME":"British Light Extra Mature Cheddar 400g","CS_YES":false,"SHOW_PRICE_CS":true,"SALES_TYPE":"Each","IMAGE_ID":"5057172404674","BRAND":"ASDA","IS_BWS":false,"IS_FROZEN":false,"IS_SPONSORED":false,"PRICES":{"EN":{"OFFER":"List","PRICE":3.24,"PRICEPERUOM":8.1,"PRICEPERUOMFORMATTED":"£8.10/KG"}},"PRIMARY_TAXONOMY":{"CAT_ID":"1215660378320","CAT_NAME":"Chilled Food","DEPT_ID":"1215341805721","DEPT_NAME":"Cheese","AISLE_ID":"1215341805765","AISLE_NAME":"Cheddar & Regional Cheese","SHELF_ID":"1215341808760","SHELF_NAME":"Mature Cheese"},"IS_FTO":false,"PRODUCT_TYPE":"STANDARD","AVG_RATING":4.1711,"RATING_COUNT":76.0,"ICONS":[{"ID":"51000002","ICON_NAME":"801_NoShellfish","CLICKABLE":false,"IMAGE_URL":"https://ui.assets-asda.com/dm/_000_Icon?&$Icon-wapp$","START_DATE":1551700800,"END_DATE":1551873600,"PRIORITY":10440.0},{"ID":"55200006","ICON_NAME":"_008_RedTractorAUTO","CLICKABLE":true,"IMAGE_URL":"https://ui.assets-asda.com/dm/_008_redtractor?&$icon-wapp$","START_DATE":1609329600,"END_DATE":1682510400,"PRIORITY":5354.0},{"ID":"59600445","ICON_NAME":"M&S Taste Match","CLICKABLE":true,"IMAGE_URL":"https://ui.assets-asda.com/dm/M-S-Taste-Match-Icon?","START_DATE":1695643200,"END_DATE":1725019200,"PRIORITY":70.0},{"ID":"1215429129918","ICON_NAME":"_043_British","CLICKABLE":true,"IMAGE_URL":"https://ui.assets-asda.com/dm/_043_british?","END_DATE":1682510400,"PRIORITY":5435.0},{"ID":"1215559958453","ICON_NAME":"_122_farmerowned","CLICKABLE":true,"IMAGE_URL":"https://ui.assets-asda.com/dm/_122_farmerowned?","END_DATE":1682510400,"PRIORITY":1562.0}],"PACK_SIZE":"400G","STOCK":{"4565":999},"MAX_QTY":10,"objectID":"6793864","_highlightResult":{"ID":{"value":"1000242609280","matchLevel":"none","matchedWords":[]},"CIN":{"value":"6793864","matchLevel":"none","matchedWords":[]},"NAME":{"value":"British Light Extra Mature Cheddar 400g","matchLevel":"none","matchedWords":[]},"KEYWORDS":{"value":"M&S Taste match,taste match,low fat <em>cheese</em>","matchLevel":"full","fullyHighlighted":false,"matchedWords":["cheese"]},"BRAND":{"value":"ASDA","matchLevel":"none","matchedWords":[]},"PRIMARY_TAXONOMY":{"AISLE_NAME":{"value":"Cheddar & Regional <em>Cheese</em>","matchLevel":"full","fullyHighlighted":false,"matchedWords":["cheese"]},"SHELF_NAME":{"value":"Mature <em>Cheese</em>","matchLevel":"full","fullyHighlighted":false,"matchedWords":["cheese"]}},"LIFESTYLES":[{"value":"Suitable for Vegetarians","matchLevel":"none","matchedWords":[]}]}},{"ID":"1000242609572","STATUS":"A","PHARMACY_RESTRICTED":false,"CIN":"6793872","START_DATE":1603195200.0,"END_DATE":1924948800.0,"NAME":"British Medium Cheddar 400g","CS_YES":false,"SHOW_PRICE_CS":true,"SALES_TYPE":"Each","IMAGE_ID":"5057172404759","BRAND":"ASDA","IS_BWS":false,"IS_FROZEN":false,"IS_SPONSORED":false,"PRICES":{"EN":{"OFFER":"List","PRICE":3.24,"PRICEPERUOM":8.1,"PRICEPERUOMFORMATTED":"£8.10/KG"}},"PRIMARY_TAXONOMY":{"CAT_ID":"1215660378320","CAT_NAME":"Chilled Food","DEPT_ID":"1215341805721","DEPT_NAME":"Cheese","AISLE_ID":"1215341805765","AISLE_NAME":"Cheddar & Regional Cheese","SHELF_ID":"1215341808640","SHELF_NAME":"Mild & Medium Cheese"},"IS_FTO":false,"PRODUCT_TYPE":"STANDARD","AVG_RATING":4.5684,"RATING_COUNT":95.0,"ICONS":[{"ID":"51000002","ICON_NAME":"801_NoShellfish","CLICKABLE":false,"IMAGE_URL":"https://ui.assets-asda.com/dm/_000_Icon?&$Icon-wapp$","START_DATE":1551700800,"END_DATE":1551873600,"PRIORITY":10440.0},{"ID":"55200006","ICON_NAME":"_008_RedTractorAUTO","CLICKABLE":true,"IMAGE_URL":"https://ui.assets-asda.com/dm/_008_redtractor?&$icon-wapp$","START_DATE":1609329600,"END_DATE":1682510400,"PRIORITY":5354.0},{"ID":"1215429129918","ICON_NAME":"_043_British","CLICKABLE":true,"IMAGE_URL":"https://ui.assets-asda.com/dm/_043_british?","END_DATE":1682510400,"PRIORITY":5435.0},{"ID":"1215559958453","ICON_NAME":"_122_farmerowned","CLICKABLE":true,"IMAGE_URL":"https://ui.assets-asda.com/dm/_122_farmerowned?","END_DATE":1682510400,"PRIORITY":1562.0}],"PACK_SIZE":"400G","STOCK":{"4565":999},"MAX_QTY":10,"objectID":"6793872","_highlightResult":{"ID":{"value":"1000242609572","matchLevel":"none","matchedWords":[]},"CIN":{"value":"6793872","matchLevel":"none","matchedWords":[]},"NAME":{"value":"British Medium Cheddar 400g","matchLevel":"none","matchedWords":[]},"BRAND":{"value":"ASDA","matchLevel":"none","matchedWords":[]},"PRIMARY_TAXONOMY":{"AISLE_NAME":{"value":"Cheddar & Regional <em>Cheese</em>","matchLevel":"full","fullyHighlighted":false,"matchedWords":["cheese"]},"SHELF_NAME":{"value":"Mild & Medium <em>Cheese</em>","matchLevel":"full","fullyHighlighted":false,"matchedWords":["cheese"]}},"LIFESTYLES":[{"value":"Suitable for Vegetarians","matchLevel":"none","matchedWords":[]}]}},{"ID":"1000383291344","STATUS":"A","PHARMACY_RESTRICTED":false,"CIN":"9288973","START_DATE":1708344000.0,"END_DATE":1924948800.0,"NAME":"Extra Mature Cheddar","CS_YES":false,"SHOW_PRICE_CS":true,"SALES_TYPE":"Each","IMAGE_ID":"5000165375161","BRAND":"Pilgrims Choice","IS_BWS":false,"IS_FROZEN":false,"IS_SPONSORED":false,"PRICES":{"EN":{"OFFER":"List","PRICE":5.2,"PRICEPERUOM":9.45455,"PRICEPERUOMFORMATTED":"£9.45/KG"}},"PRIMARY_TAXONOMY":{"CAT_ID":"1215660378320","CAT_NAME":"Chilled Food","DEPT_ID":"1215341805721","DEPT_NAME":"Cheese","AISLE_ID":"1215341805765","AISLE_NAME":"Cheddar & Regional Cheese","SHELF_ID":"1215341808819","SHELF_NAME":"Extra Mature & Vintage Cheese"},"IS_FTO":false,"PRODUCT_TYPE":"STANDARD","AVG_RATING":5.0,"RATING_COUNT":3.0,"ICONS":[{"ID":"51000002","ICON_NAME":"801_NoShellfish","CLICKABLE":false,"IMAGE_URL":"https://ui.assets-asda.com/dm/_000_Icon?&$Icon-wapp$","START_DATE":1551700800,"END_DATE":1551873600,"PRIORITY":10440.0}],"PACK_SIZE":"550G","STOCK":{"4565":999},"MAX_QTY":10,"objectID":"9288973","_highlightResult":{"ID":{"value":"1000383291344","matchLevel":"none","matchedWords":[]},"CIN":{"value":"9288973","matchLevel":"none","matchedWords":[]},"NAME":{"value":"Extra Mature Cheddar","matchLevel":"none","matchedWords":[]},"BRAND":{"value":"Pilgrims Choice","matchLevel":"none","matchedWords":[]},"PRIMARY_TAXONOMY":{"AISLE_NAME":{"value":"Cheddar & Regional <em>Cheese</em>","matchLevel":"full","fullyHighlighted":false,"matchedWords":["cheese"]},"SHELF_NAME":{"value":"Extra Mature & Vintage <em>Cheese</em>","matchLevel":"full","fullyHighlighted":false,"matchedWords":["cheese"]}},"LIFESTYLES":[{"value":"Suitable for Vegetarians","matchLevel":"none","matchedWords":[]}]}},{"ID":"1000186791338","STATUS":"A","PHARMACY_RESTRICTED":false,"CIN":"6594608","START_DATE":1719748800.0,"END_DATE":2240568000.0,"NAME":"Our Mature Cheddar 550g","CS_YES":false,"SHOW_PRICE_CS":true,"SALES_TYPE":"Each","IMAGE_ID":"5000295145054","BRAND":"Cathedral City","IS_BWS":false,"IS_FROZEN":false,"IS_SPONSORED":false,"PRICES":{"EN":{"OFFER":"List","PRICE":5.34,"PRICEPERUOM":9.70909,"PRICEPERUOMFORMATTED":"£9.71/KG"}},"PRIMARY_TAXONOMY":{"CAT_ID":"1215660378320","CAT_NAME":"Chilled Food","DEPT_ID":"1215341805721","DEPT_NAME":"Cheese","AISLE_ID":"1215341805765","AISLE_NAME":"Cheddar & Regional Cheese","SHELF_ID":"1215341808760","SHELF_NAME":"Mature Cheese"},"IS_FTO":false,"PRODUCT_TYPE":"STANDARD","AVG_RATING":4.7652,"RATING_COUNT":328.0,"ICONS":[{"ID":"55000003","ICON_NAME":"_151_UnionFlag","CLICKABLE":false,"IMAGE_URL":"https://ui.assets-asda.comtest.jpg","START_DATE":1594728000,"END_DATE":1600171200,"PRIORITY":10427.0},{"ID":"55200006","ICON_NAME":"_008_RedTractorAUTO","CLICKABLE":true,"IMAGE_URL":"https://ui.assets-asda.com/dm/_008_redtractor?&$icon-wapp$","START_DATE":1609329600,"END_DATE":1682510400,"PRIORITY":5354.0}],"PACK_SIZE":"550G","STOCK":{"4565":999},"MAX_QTY":10,"objectID":"6594608","_highlightResult":{"ID":{"value":"1000186791338","matchLevel":"none","matchedWords":[]},"CIN":{"value":"6594608","matchLevel":"none","matchedWords":[]},"NAME":{"value":"Our Mature Cheddar 550g","matchLevel":"none","matchedWords":[]},"BRAND":{"value":"Cathedral City","matchLevel":"none","matchedWords":[]},"PRIMARY_TAXONOMY":{"AISLE_NAME":{"value":"Cheddar & Regional <em>Cheese</em>","matchLevel":"full","fullyHighlighted":false,"matchedWords":["cheese"]},"SHELF_NAME":{"value":"Mature <em>Cheese</em>","matchLevel":"full","fullyHighlighted":false,"matchedWords":["cheese"]}},"LIFESTYLES":[{"value":"Suitable for Vegetarians","matchLevel":"none","matchedWords":[]}]}},{"ID":"1000383259979","STATUS":"A","PHARMACY_RESTRICTED":false,"CIN":"9196864","START_DATE":1751799600.0,"END_DATE":1924948800.0,"NAME":"Edam 220g","CS_YES":false,"SHOW_PRICE_CS":true,"SALES_TYPE":"Each","IMAGE_ID":"5063089487174","BRAND":"ASDA","IS_BWS":false,"IS_FROZEN":false,"IS_SPONSORED":false,"LABEL":"New","LABEL_START_DATE":1751673600.0,"LABEL_END_DATE":1759449600.0,"PRICES":{"EN":{"OFFER":"List","PRICE":2.04,"PRICEPERUOM":9.27273,"PRICEPERUOMFORMATTED":"£9.27/KG"}},"PRIMARY_TAXONOMY":{"CAT_ID":"1215660378320","CAT_NAME":"Chilled Food","DEPT_ID":"1215341805721","DEPT_NAME":"Cheese","AISLE_ID":"1215341806015","AISLE_NAME":"Continental Cheese","SHELF_ID":"1215627294585","SHELF_NAME":"Parmesan & Hard Cheese"},"IS_FTO":false,"PRODUCT_TYPE":"STANDARD","AVG_RATING":3.8947,"RATING_COUNT":19.0,"ICONS":[{"ID":"51000002","ICON_NAME":"801_NoShellfish","CLICKABLE":false,"IMAGE_URL":"https://ui.assets-asda.com/dm/_000_Icon?&$Icon-wapp$","START_DATE":1551700800,"END_DATE":1551873600,"PRIORITY":10440.0}],"PACK_SIZE":"220g","STOCK":{"4565":999},"MAX_QTY":10,"objectID":"9196864","_highlightResult":{"ID":{"value":"1000383259979","matchLevel":"none","matchedWords":[]},"CIN":{"value":"9196864","matchLevel":"none","matchedWords":[]},"NAME":{"value":"Edam 220g","matchLevel":"none","matchedWords":[]},"BRAND":{"value":"ASDA","matchLevel":"none","matchedWords":[]},"PRIMARY_TAXONOMY":{"AISLE_NAME":{"value":"Continental <em>Cheese</em>","matchLevel":"full","fullyHighlighted":false,"matchedWords":["cheese"]},"SHELF_NAME":{"value":"Parmesan & Hard <em>Cheese</em>","matchLevel":"full","fullyHighlighted":false,"matchedWords":["cheese"]}},"LIFESTYLES":[{"value":"Suitable for Vegetarians","matchLevel":"none","matchedWords":[]}]}},{"ID":"1000383274186","STATUS":"A","PHARMACY_RESTRICTED":false,"CIN":"9244228","START_DATE":1751799600.0,"END_DATE":1924948800.0,"NAME":"15 Cheesy Slices 255g","CS_YES":false,"SHOW_PRICE_CS":true,"SALES_TYPE":"Each","IMAGE_ID":"5063089827390","BRAND":"JUST ESSENTIALS by ASDA","IS_BWS":false,"IS_FROZEN":false,"IS_SPONSORED":false,"LABEL":"New","LABEL_START_DATE":1751673600.0,"LABEL_END_DATE":1759449600.0,"PRICES":{"EN":{"OFFER":"List","PRICE":0.83,"PRICEPERUOM":3.2549,"PRICEPERUOMFORMATTED":"£3.25/KG"}},"PRIMARY_TAXONOMY":{"CAT_ID":"1215660378320","CAT_NAME":"Chilled Food","DEPT_ID":"1215341805721","DEPT_NAME":"Cheese","AISLE_ID":"1215341805815","AISLE_NAME":"Grated & Sliced Cheese","SHELF_ID":"1215341810182","SHELF_NAME":"Cheese Slices"},"IS_FTO":false,"PRODUCT_TYPE":"STANDARD","AVG_RATING":0.0,"RATING_COUNT":0.0,"PACK_SIZE":"255g","STOCK":{"4565":999},"MAX_QTY":10,"objectID":"9244228","_highlightResult":{"ID":{"value":"1000383274186","matchLevel":"none","matchedWords":[]},"CIN":{"value":"9244228","matchLevel":"none","matchedWords":[]},"NAME":{"value":"15 Cheesy Slices 255g","matchLevel":"none","matchedWords":[]},"BRAND":{"value":"JUST ESSENTIALS by ASDA","matchLevel":"none","matchedWords":[]},"PRIMARY_TAXONOMY":{"AISLE_NAME":{"value":"Grated & Sliced <em>Cheese</em>","matchLevel":"full","fullyHighlighted":false,"matchedWords":["cheese"]},"SHELF_NAME":{"value":"<em>Cheese</em> Slices","matchLevel":"full","fullyHighlighted":false,"matchedWords":["cheese"]}},"LIFESTYLES":[{"value":"Suitable for Vegetarians","matchLevel":"none","matchedWords":[]}]}},{"ID":"910002366368","STATUS":"A","PHARMACY_RESTRICTED":false,"CIN":"5400878","START_DATE":1454932800.0,"END_DATE":1924948800.0,"NAME":"Cheese & Onion Rolls 6 x 60g (360g)","CS_YES":false,"SHOW_PRICE_CS":true,"SALES_TYPE":"Each","IMAGE_ID":"5054781056386","BRAND":"ASDA","IS_BWS":false,"IS_FROZEN":false,"IS_SPONSORED":false,"PRICES":{"EN":{"OFFER":"Rollback","PRICE":1.74,"WASPRICE":2.18,"PRICEPERUOM":0.48333,"PRICEPERUOMFORMATTED":"48.3p/100GR"}},"PRIMARY_TAXONOMY":{"CAT_ID":"1215660378320","CAT_NAME":"Chilled Food","DEPT_ID":"1215661251124","DEPT_NAME":"Party Food, Pies, Salads & Dips","AISLE_ID":"1215663358403","AISLE_NAME":"Sausage Rolls & Cocktail Sausages","SHELF_ID":"1215685642832","SHELF_NAME":"Cheese & Vegetarian Rolls"},"IS_FTO":false,"PRODUCT_TYPE":"STANDARD","AVG_RATING":4.3667,"RATING_COUNT":30.0,"ICONS":[{"ID":"45100001","ICON_NAME":"Freezable","CLICKABLE":true,"IMAGE_URL":"https://ui.assets-asda.com/dm/icon_text?$text=Freezable","END_DATE":1684238400,"PRIORITY":1085.0},{"ID":"51000002","ICON_NAME":"801_NoShellfish","CLICKABLE":false,"IMAGE_URL":"https://ui.assets-asda.com/dm/_000_Icon?&$Icon-wapp$","START_DATE":1551700800,"END_DATE":1551873600,"PRIORITY":10440.0},{"ID":"59600047","ICON_NAME":"Typically fresh for 6 days","CLICKABLE":true,"IMAGE_URL":"https://ui.assets-asda.com/dm/produce-6-days-icon?","START_DATE":1625227200,"END_DATE":1914408000,"PRIORITY":23.0},{"ID":"59600339","ICON_NAME":"Follow Air Fryer Manufacturer’s Instructions for Cooking Guidelines","CLICKABLE":true,"IMAGE_URL":"https://ui.assets-asda.com/dm/Air-Fryer-Online-Icon?&$Icon-wapp$","START_DATE":1667390400,"END_DATE":1924948800,"PRIORITY":288.0}],"PACK_SIZE":"360G","STOCK":{"4565":999},"MAX_QTY":10,"objectID":"5400878","_highlightResult":{"ID":{"value":"910002366368","matchLevel":"none","matchedWords":[]},"CIN":{"value":"5400878","matchLevel":"none","matchedWords":[]},"NAME":{"value":"<em>Cheese</em> & Onion Rolls 6 x 60g (360g)","matchLevel":"full","fullyHighlighted":false,"matchedWords":["cheese"]},"BRAND":{"value":"ASDA","matchLevel":"none","matchedWords":[]},"PRIMARY_TAXONOMY":{"AISLE_NAME":{"value":"Sausage Rolls & Cocktail Sausages","matchLevel":"none","matchedWords":[]},"SHELF_NAME":{"value":"<em>Cheese</em> & Vegetarian Rolls","matchLevel":"full","fullyHighlighted":false,"matchedWords":["cheese"]}}}},{"ID":"1000383232381","STATUS":"A","PHARMACY_RESTRICTED":false,"CIN":"9125496","START_DATE":1728388800.0,"END_DATE":1924948800.0,"NAME":"Asda Exceptional Tasting British Cheese Selection 155g","CS_YES":false,"SHOW_PRICE_CS":true,"SALES_TYPE":"Each","IMAGE_ID":"5063089577509","BRAND":"Exceptional by ASDA","IS_BWS":false,"IS_FROZEN":false,"IS_SPONSORED":false,"PRICES":{"EN":{"OFFER":"List","PRICE":3.5,"PRICEPERUOM":22.58065,"PRICEPERUOMFORMATTED":"£22.58/KG"}},"PRIMARY_TAXONOMY":{"CAT_ID":"1215660378320","CAT_NAME":"Chilled Food","DEPT_ID":"1215341805721","DEPT_NAME":"Cheese","AISLE_ID":"1215684281119","AISLE_NAME":"Exceptional Cheese","SHELF_ID":"1215684281120","SHELF_NAME":"Exceptional Cheese"},"IS_FTO":false,"PRODUCT_TYPE":"STANDARD","AVG_RATING":4.5,"RATING_COUNT":6.0,"PACK_SIZE":"155G","STOCK":{"4565":999},"MAX_QTY":10,"objectID":"9125496","_highlightResult":{"ID":{"value":"1000383232381","matchLevel":"none","matchedWords":[]},"CIN":{"value":"9125496","matchLevel":"none","matchedWords":[]},"NAME":{"value":"Asda Exceptional Tasting British <em>Cheese</em> Selection 155g","matchLevel":"full","fullyHighlighted":false,"matchedWords":["cheese"]},"BRAND":{"value":"Exceptional by ASDA","matchLevel":"none","matchedWords":[]},"PRIMARY_TAXONOMY":{"AISLE_NAME":{"value":"Exceptional <em>Cheese</em>","matchLevel":"full","fullyHighlighted":false,"matchedWords":["cheese"]},"SHELF_NAME":{"value":"Exceptional <em>Cheese</em>","matchLevel":"full","fullyHighlighted":false,"matchedWords":["cheese"]}},"LIFESTYLES":[{"value":"Suitable for Vegetarians","matchLevel":"none","matchedWords":[]}]}},{"ID":"1000186791458","STATUS":"A","PHARMACY_RESTRICTED":false,"CIN":"6594910","START_DATE":1580299200.0,"END_DATE":1924948800.0,"NAME":"Garlic & Herb Roulé 125g","CS_YES":false,"SHOW_PRICE_CS":true,"SALES_TYPE":"Each","IMAGE_ID":"5057172225873","BRAND":"ASDA","IS_BWS":false,"IS_FROZEN":false,"IS_SPONSORED":false,"PRICES":{"EN":{"OFFER":"List","PRICE":2.04,"PRICEPERUOM":16.32,"PRICEPERUOMFORMATTED":"£16.32/KG"}},"PRIMARY_TAXONOMY":{"CAT_ID":"1215660378320","CAT_NAME":"Chilled Food","DEPT_ID":"1215341805721","DEPT_NAME":"Cheese","AISLE_ID":"1215341805865","AISLE_NAME":"Soft & Cottage Cheese","SHELF_ID":"1215341810303","SHELF_NAME":"Soft Cheese"},"IS_FTO":false,"PRODUCT_TYPE":"STANDARD","AVG_RATING":4.6629,"RATING_COUNT":89.0,"ICONS":[{"ID":"51000002","ICON_NAME":"801_NoShellfish","CLICKABLE":false,"IMAGE_URL":"https://ui.assets-asda.com/dm/_000_Icon?&$Icon-wapp$","START_DATE":1551700800,"END_DATE":1551873600,"PRIORITY":10440.0},{"ID":"59600445","ICON_NAME":"M&S Taste Match","CLICKABLE":true,"IMAGE_URL":"https://ui.assets-asda.com/dm/M-S-Taste-Match-Icon?","START_DATE":1695643200,"END_DATE":1725019200,"PRIORITY":70.0}],"PACK_SIZE":"125G","STOCK":{"4565":0},"MAX_QTY":10,"objectID":"6594910","_highlightResult":{"ID":{"value":"1000186791458","matchLevel":"none","matchedWords":[]},"CIN":{"value":"6594910","matchLevel":"none","matchedWords":[]},"NAME":{"value":"Garlic & Herb Roulé 125g","matchLevel":"none","matchedWords":[]},"KEYWORDS":{"value":"M&S taste match,taste match,M&S Taste match,taste match","matchLevel":"none","matchedWords":[]},"BRAND":{"value":"ASDA","matchLevel":"none","matchedWords":[]},"PRIMARY_TAXONOMY":{"AISLE_NAME":{"value":"Soft & Cottage <em>Cheese</em>","matchLevel":"full","fullyHighlighted":false,"matchedWords":["cheese"]},"SHELF_NAME":{"value":"Soft <em>Cheese</em>","matchLevel":"full","fullyHighlighted":false,"matchedWords":["cheese"]}},"LIFESTYLES":[{"value":"Suitable for Vegetarians","matchLevel":"none","matchedWords":[]}]}},{"ID":"910001256410","STATUS":"A","PHARMACY_RESTRICTED":false,"CIN":"4545239","START_DATE":-2208945600.0,"END_DATE":1924948800.0,"NAME":"British 10 Red Leicester Cheese Slices 250g","CS_YES":false,"SHOW_PRICE_CS":true,"SALES_TYPE":"Each","IMAGE_ID":"5054070150382","BRAND":"ASDA","IS_BWS":false,"IS_FROZEN":false,"IS_SPONSORED":false,"PRICES":{"EN":{"OFFER":"List","PRICE":2.54,"PRICEPERUOM":10.16,"PRICEPERUOMFORMATTED":"£10.16/KG"}},"PRIMARY_TAXONOMY":{"CAT_ID":"1215660378320","CAT_NAME":"Chilled Food","DEPT_ID":"1215341805721","DEPT_NAME":"Cheese","AISLE_ID":"1215341805765","AISLE_NAME":"Cheddar & Regional Cheese","SHELF_ID":"1215626750653","SHELF_NAME":"Grated & Sliced Cheese"},"IS_FTO":false,"PRODUCT_TYPE":"STANDARD","AVG_RATING":4.4111,"RATING_COUNT":90.0,"PROMOS":{"EN":[{"ID":"10000479757","NAME":"Any 2 for £4.48","END_DATE":1767225599.0,"START_DATE":1755820800.0,"TYPE":15}]},"ICONS":[{"ID":"51000002","ICON_NAME":"801_NoShellfish","CLICKABLE":false,"IMAGE_URL":"https://ui.assets-asda.com/dm/_000_Icon?&$Icon-wapp$","START_DATE":1551700800,"END_DATE":1551873600,"PRIORITY":10440.0},{"ID":"55000003","ICON_NAME":"_151_UnionFlag","CLICKABLE":false,"IMAGE_URL":"https://ui.assets-asda.comtest.jpg","START_DATE":1594728000,"END_DATE":1600171200,"PRIORITY":10427.0},{"ID":"55200006","ICON_NAME":"_008_RedTractorAUTO","CLICKABLE":true,"IMAGE_URL":"https://ui.assets-asda.com/dm/_008_redtractor?&$icon-wapp$","START_DATE":1609329600,"END_DATE":1682510400,"PRIORITY":5354.0},{"ID":"59600445","ICON_NAME":"M&S Taste Match","CLICKABLE":true,"IMAGE_URL":"https://ui.assets-asda.com/dm/M-S-Taste-Match-Icon?","START_DATE":1695643200,"END_DATE":1725019200,"PRIORITY":70.0},{"ID":"1215429129918","ICON_NAME":"_043_British","CLICKABLE":true,"IMAGE_URL":"https://ui.assets-asda.com/dm/_043_british?","END_DATE":1682510400,"PRIORITY":5435.0},{"ID":"1215559958453","ICON_NAME":"_122_farmerowned","CLICKABLE":true,"IMAGE_URL":"https://ui.assets-asda.com/dm/_122_farmerowned?","END_DATE":1682510400,"PRIORITY":1562.0}],"PACK_SIZE":"250G","STOCK":{"4565":999},"MAX_QTY":10,"objectID":"4545239","_highlightResult":{"ID":{"value":"910001256410","matchLevel":"none","matchedWords":[]},"CIN":{"value":"4545239","matchLevel":"none","matchedWords":[]},"NAME":{"value":"British 10 Red Leicester <em>Cheese</em> Slices 250g","matchLevel":"full","fullyHighlighted":false,"matchedWords":["cheese"]},"KEYWORDS":{"value":"burger <em>cheese</em>","matchLevel":"full","fullyHighlighted":false,"matchedWords":["cheese"]},"BRAND":{"value":"ASDA","matchLevel":"none","matchedWords":[]},"PRIMARY_TAXONOMY":{"AISLE_NAME":{"value":"Cheddar & Regional <em>Cheese</em>","matchLevel":"full","fullyHighlighted":false,"matchedWords":["cheese"]},"SHELF_NAME":{"value":"Grated & Sliced <em>Cheese</em>","matchLevel":"full","fullyHighlighted":false,"matchedWords":["cheese"]}},"LIFESTYLES":[{"value":"Suitable for Vegetarians","matchLevel":"none","matchedWords":[]}]}},{"ID":"1000226920906","STATUS":"A","PHARMACY_RESTRICTED":false,"CIN":"6744532","START_DATE":1588680000.0,"END_DATE":1924948800.0,"NAME":"Milk Chocolate & Toffee Dessert","CS_YES":false,"SHOW_PRICE_CS":true,"SALES_TYPE":"Each","IMAGE_ID":"3023290045282","BRAND":"Rolo","IS_BWS":false,"IS_FROZEN":false,"IS_SPONSORED":false,"PRICES":{"EN":{"OFFER":"Rollback","PRICE":1.74,"WASPRICE":2.48,"PRICEPERUOM":0.66923,"PRICEPERUOMFORMATTED":"66.9p/100GR"}},"PRIMARY_TAXONOMY":{"CAT_ID":"1215660378320","CAT_NAME":"Chilled Food","DEPT_ID":"1215341888021","DEPT_NAME":"Yogurts & Desserts","AISLE_ID":"910000975612","AISLE_NAME":"Desserts","SHELF_ID":"1215639170517","SHELF_NAME":"Chocolate & Caramel Desserts"},"IS_FTO":false,"PRODUCT_TYPE":"STANDARD","AVG_RATING":4.5641,"RATING_COUNT":78.0,"ICONS":[{"ID":"51000002","ICON_NAME":"801_NoShellfish","CLICKABLE":false,"IMAGE_URL":"https://ui.assets-asda.com/dm/_000_Icon?&$Icon-wapp$","START_DATE":1551700800,"END_DATE":1551873600,"PRIORITY":10440.0},{"ID":"55200007","ICON_NAME":"Rainforest Alliance","CLICKABLE":true,"IMAGE_URL":"https://ui.assets-asda.com/dm/Rainforest-Alliance-Seal-Icon?$Icon-wapp$&$Icon-wapp$&$Icon-wapp2x$","PRIORITY":540.0}],"PACK_SIZE":"4X65G","STOCK":{"4565":999},"MAX_QTY":10,"objectID":"6744532","_highlightResult":{"ID":{"value":"1000226920906","matchLevel":"none","matchedWords":[]},"CIN":{"value":"6744532","matchLevel":"none","matchedWords":[]},"NAME":{"value":"Milk Chocolate & Toffee Dessert","matchLevel":"none","matchedWords":[]},"KEYWORDS":{"value":"pots of joy","matchLevel":"none","matchedWords":[]},"BRAND":{"value":"Rolo","matchLevel":"none","matchedWords":[]},"PRIMARY_TAXONOMY":{"AISLE_NAME":{"value":"<em>Desserts</em>","matchLevel":"full","fullyHighlighted":true,"matchedWords":["cheese"]},"SHELF_NAME":{"value":"Chocolate & Caramel <em>Desserts</em>","matchLevel":"full","fullyHighlighted":false,"matchedWords":["cheese"]}}}},{"ID":"910001327548","STATUS":"A","PHARMACY_RESTRICTED":false,"CIN":"4636711","START_DATE":1446465600.0,"END_DATE":1924948800.0,"NAME":"Mini Mozzarella 150g","CS_YES":false,"SHOW_PRICE_CS":true,"SALES_TYPE":"Each","IMAGE_ID":"8000430132267","BRAND":"Galbani","IS_BWS":false,"IS_FROZEN":false,"IS_SPONSORED":false,"PRICES":{"EN":{"OFFER":"List","PRICE":1.88,"PRICEPERUOM":12.53333,"PRICEPERUOMFORMATTED":"£12.53/KG"}},"PRIMARY_TAXONOMY":{"CAT_ID":"1215660378320","CAT_NAME":"Chilled Food","DEPT_ID":"1215341805721","DEPT_NAME":"Cheese","AISLE_ID":"1215341805865","AISLE_NAME":"Soft & Cottage Cheese","SHELF_ID":"1215341810303","SHELF_NAME":"Soft Cheese"},"IS_FTO":false,"PRODUCT_TYPE":"STANDARD","AVG_RATING":4.5,"RATING_COUNT":2.0,"ICONS":[{"ID":"51000002","ICON_NAME":"801_NoShellfish","CLICKABLE":false,"IMAGE_URL":"https://ui.assets-asda.com/dm/_000_Icon?&$Icon-wapp$","START_DATE":1551700800,"END_DATE":1551873600,"PRIORITY":10440.0},{"ID":"1215413701904","ICON_NAME":"_113_FreshPledge6DONOTUSE","CLICKABLE":true,"IMAGE_URL":"https://ui.assets-asda.com/dm/icon_freshpledge?$days=6","END_DATE":1682467200,"PRIORITY":-103.0}],"PACK_SIZE":"150G","STOCK":{"4565":999},"MAX_QTY":10,"objectID":"4636711","_highlightResult":{"ID":{"value":"910001327548","matchLevel":"none","matchedWords":[]},"CIN":{"value":"4636711","matchLevel":"none","matchedWords":[]},"NAME":{"value":"Mini Mozzarella 150g","matchLevel":"none","matchedWords":[]},"BRAND":{"value":"Galbani","matchLevel":"none","matchedWords":[]},"PRIMARY_TAXONOMY":{"AISLE_NAME":{"value":"Soft & Cottage <em>Cheese</em>","matchLevel":"full","fullyHighlighted":false,"matchedWords":["cheese"]},"SHELF_NAME":{"value":"Soft <em>Cheese</em>","matchLevel":"full","fullyHighlighted":false,"matchedWords":["cheese"]}},"LIFESTYLES":[{"value":"Suitable for Vegetarians","matchLevel":"none","matchedWords":[]}]}},{"ID":"1000371550338","STATUS":"A","PHARMACY_RESTRICTED":false,"CIN":"7345711","START_DATE":1647950400.0,"END_DATE":1924948800.0,"NAME":"Chives 165g","CS_YES":false,"SHOW_PRICE_CS":true,"SALES_TYPE":"Each","IMAGE_ID":"7622201693831","BRAND":"Philadelphia","IS_BWS":false,"IS_FROZEN":false,"IS_SPONSORED":false,"PRICES":{"EN":{"OFFER":"Rollback","PRICE":1.28,"WASPRICE":2.08,"PRICEPERUOM":7.75758,"PRICEPERUOMFORMATTED":"£7.76/KG"}},"PRIMARY_TAXONOMY":{"CAT_ID":"1215660378320","CAT_NAME":"Chilled Food","DEPT_ID":"1215341805721","DEPT_NAME":"Cheese","AISLE_ID":"1215341805865","AISLE_NAME":"Soft & Cottage Cheese","SHELF_ID":"1215341810303","SHELF_NAME":"Soft Cheese"},"IS_FTO":false,"PRODUCT_TYPE":"STANDARD","AVG_RATING":4.7143,"RATING_COUNT":63.0,"PACK_SIZE":"165G","STOCK":{"4565":999},"MAX_QTY":10,"objectID":"7345711","_highlightResult":{"ID":{"value":"1000371550338","matchLevel":"none","matchedWords":[]},"CIN":{"value":"7345711","matchLevel":"none","matchedWords":[]},"NAME":{"value":"Chives 165g","matchLevel":"none","matchedWords":[]},"KEYWORDS":{"value":"cream <em>cheese</em>,spread,spreadable,<em>cheese</em> spread","matchLevel":"full","fullyHighlighted":false,"matchedWords":["cheese"]},"BRAND":{"value":"Philadelphia","matchLevel":"none","matchedWords":[]},"PRIMARY_TAXONOMY":{"AISLE_NAME":{"value":"Soft & Cottage <em>Cheese</em>","matchLevel":"full","fullyHighlighted":false,"matchedWords":["cheese"]},"SHELF_NAME":{"value":"Soft <em>Cheese</em>","matchLevel":"full","fullyHighlighted":false,"matchedWords":["cheese"]}},"LIFESTYLES":[{"value":"Suitable for Vegetarians","matchLevel":"none","matchedWords":[]}]}},{"ID":"1000383138907","STATUS":"A","PHARMACY_RESTRICTED":false,"CIN":"7484819","START_DATE":1658404800.0,"END_DATE":1924948800.0,"NAME":"Vintage ‘Our Strongest’ Cheddar Cheese","CS_YES":false,"SHOW_PRICE_CS":true,"SALES_TYPE":"Each","IMAGE_ID":"5000295152762","BRAND":"Cathedral City","IS_BWS":false,"IS_FROZEN":false,"IS_SPONSORED":false,"PRICES":{"EN":{"OFFER":"Rollback","PRICE":2.93,"WASPRICE":3.58,"PRICEPERUOM":8.37143,"PRICEPERUOMFORMATTED":"£8.37/KG"}},"PRIMARY_TAXONOMY":{"CAT_ID":"1215660378320","CAT_NAME":"Chilled Food","DEPT_ID":"1215341805721","DEPT_NAME":"Cheese","AISLE_ID":"1215341805765","AISLE_NAME":"Cheddar & Regional Cheese","SHELF_ID":"1215341808760","SHELF_NAME":"Mature Cheese"},"IS_FTO":false,"PRODUCT_TYPE":"STANDARD","AVG_RATING":4.5424,"RATING_COUNT":59.0,"ICONS":[{"ID":"55000003","ICON_NAME":"_151_UnionFlag","CLICKABLE":false,"IMAGE_URL":"https://ui.assets-asda.comtest.jpg","START_DATE":1594728000,"END_DATE":1600171200,"PRIORITY":10427.0},{"ID":"55200006","ICON_NAME":"_008_RedTractorAUTO","CLICKABLE":true,"IMAGE_URL":"https://ui.assets-asda.com/dm/_008_redtractor?&$icon-wapp$","START_DATE":1609329600,"END_DATE":1682510400,"PRIORITY":5354.0}],"PACK_SIZE":"350G","STOCK":{"4565":999},"MAX_QTY":10,"objectID":"7484819","_highlightResult":{"ID":{"value":"1000383138907","matchLevel":"none","matchedWords":[]},"CIN":{"value":"7484819","matchLevel":"none","matchedWords":[]},"NAME":{"value":"Vintage ‘Our Strongest’ Cheddar <em>Cheese</em>","matchLevel":"full","fullyHighlighted":false,"matchedWords":["cheese"]},"KEYWORDS":{"value":"Extra Mature <em>Cheese</em>,Extra Mature Cheddar,Strong <em>Cheese</em>","matchLevel":"full","fullyHighlighted":false,"matchedWords":["cheese"]},"BRAND":{"value":"Cathedral City","matchLevel":"none","matchedWords":[]},"PRIMARY_TAXONOMY":{"AISLE_NAME":{"value":"Cheddar & Regional <em>Cheese</em>","matchLevel":"full","fullyHighlighted":false,"matchedWords":["cheese"]},"SHELF_NAME":{"value":"Mature <em>Cheese</em>","matchLevel":"full","fullyHighlighted":false,"matchedWords":["cheese"]}},"LIFESTYLES":[{"value":"Suitable for Vegetarians","matchLevel":"none","matchedWords":[]}]}},{"ID":"910003190733","STATUS":"A","PHARMACY_RESTRICTED":false,"CIN":"5845652","START_DATE":1708344000.0,"END_DATE":1924948800.0,"NAME":"Extra Mature Cheddar","CS_YES":false,"SHOW_PRICE_CS":true,"SALES_TYPE":"Each","IMAGE_ID":"5000165375161","BRAND":"Pilgrims Choice","IS_BWS":false,"IS_FROZEN":false,"IS_SPONSORED":false,"LABEL":"Rollback","LABEL_START_DATE":1625313600.0,"LABEL_END_DATE":1626868800.0,"PRICES":{"EN":{"OFFER":"Dropped","PRICE":3.98,"WASPRICE":5.2,"PRICEPERUOM":7.23636,"PRICEPERUOMFORMATTED":"£7.24/KG"}},"PRIMARY_TAXONOMY":{"CAT_ID":"1215660378320","CAT_NAME":"Chilled Food","DEPT_ID":"1215341805721","DEPT_NAME":"Cheese","AISLE_ID":"1215341805765","AISLE_NAME":"Cheddar & Regional Cheese","SHELF_ID":"1215341808819","SHELF_NAME":"Extra Mature & Vintage Cheese"},"IS_FTO":false,"PRODUCT_TYPE":"STANDARD","AVG_RATING":4.8043,"RATING_COUNT":92.0,"ICONS":[{"ID":"51000002","ICON_NAME":"801_NoShellfish","CLICKABLE":false,"IMAGE_URL":"https://ui.assets-asda.com/dm/_000_Icon?&$Icon-wapp$","START_DATE":1551700800,"END_DATE":1551873600,"PRIORITY":10440.0}],"PACK_SIZE":"550G","STOCK":{"4565":999},"MAX_QTY":10,"objectID":"5845652","_highlightResult":{"ID":{"value":"910003190733","matchLevel":"none","matchedWords":[]},"CIN":{"value":"5845652","matchLevel":"none","matchedWords":[]},"NAME":{"value":"Extra Mature Cheddar","matchLevel":"none","matchedWords":[]},"BRAND":{"value":"Pilgrims Choice","matchLevel":"none","matchedWords":[]},"PRIMARY_TAXONOMY":{"AISLE_NAME":{"value":"Cheddar & Regional <em>Cheese</em>","matchLevel":"full","fullyHighlighted":false,"matchedWords":["cheese"]},"SHELF_NAME":{"value":"Extra Mature & Vintage <em>Cheese</em>","matchLevel":"full","fullyHighlighted":false,"matchedWords":["cheese"]}},"LIFESTYLES":[{"value":"Suitable for Vegetarians","matchLevel":"none","matchedWords":[]}]}},{"ID":"1000383227138","STATUS":"A","PHARMACY_RESTRICTED":false,"CIN":"9110161","START_DATE":1718107200.0,"END_DATE":1924948800.0,"NAME":"Parmigiano Reggiano Dop 170g","CS_YES":false,"SHOW_PRICE_CS":true,"SALES_TYPE":"Each","IMAGE_ID":"5063089520024","BRAND":"Exceptional by ASDA","IS_BWS":false,"IS_FROZEN":false,"IS_SPONSORED":false,"PRICES":{"EN":{"OFFER":"List","PRICE":3.57,"PRICEPERUOM":21.0,"PRICEPERUOMFORMATTED":"£21.00/KG"}},"PRIMARY_TAXONOMY":{"CAT_ID":"1215660378320","CAT_NAME":"Chilled Food","DEPT_ID":"1215341805721","DEPT_NAME":"Cheese","AISLE_ID":"1215341806015","AISLE_NAME":"Continental Cheese","SHELF_ID":"1215627294585","SHELF_NAME":"Parmesan & Hard Cheese"},"IS_FTO":false,"PRODUCT_TYPE":"STANDARD","AVG_RATING":4.7297,"RATING_COUNT":37.0,"ICONS":[{"ID":"51000002","ICON_NAME":"801_NoShellfish","CLICKABLE":false,"IMAGE_URL":"https://ui.assets-asda.com/dm/_000_Icon?&$Icon-wapp$","START_DATE":1551700800,"END_DATE":1551873600,"PRIORITY":10440.0}],"PACK_SIZE":"170G","STOCK":{"4565":999},"MAX_QTY":10,"objectID":"9110161","_highlightResult":{"ID":{"value":"1000383227138","matchLevel":"none","matchedWords":[]},"CIN":{"value":"9110161","matchLevel":"none","matchedWords":[]},"NAME":{"value":"Parmigiano Reggiano Dop 170g","matchLevel":"none","matchedWords":[]},"KEYWORDS":{"value":"extra special <em>cheese</em>,extra special,extra special parmesan","matchLevel":"full","fullyHighlighted":false,"matchedWords":["cheese"]},"BRAND":{"value":"Exceptional by ASDA","matchLevel":"none","matchedWords":[]},"PRIMARY_TAXONOMY":{"AISLE_NAME":{"value":"Continental <em>Cheese</em>","matchLevel":"full","fullyHighlighted":false,"matchedWords":["cheese"]},"SHELF_NAME":{"value":"Parmesan & Hard <em>Cheese</em>","matchLevel":"full","fullyHighlighted":false,"matchedWords":["cheese"]}}}},{"ID":"910000979660","STATUS":"A","PHARMACY_RESTRICTED":false,"CIN":"4181499","START_DATE":1626868800.0,"END_DATE":1924948800.0,"NAME":"Light Cheese Spread","CS_YES":false,"SHOW_PRICE_CS":true,"SALES_TYPE":"Each","IMAGE_ID":"5017838816890","BRAND":"Seriously Spreadable","IS_BWS":false,"IS_FROZEN":false,"IS_SPONSORED":false,"PRICES":{"EN":{"OFFER":"List","PRICE":1.38,"PRICEPERUOM":11.04,"PRICEPERUOMFORMATTED":"£11.04/KG"}},"PRIMARY_TAXONOMY":{"CAT_ID":"1215660378320","CAT_NAME":"Chilled Food","DEPT_ID":"1215341805721","DEPT_NAME":"Cheese","AISLE_ID":"1215341805865","AISLE_NAME":"Soft & Cottage Cheese","SHELF_ID":"1215341810422","SHELF_NAME":"Cheese Spreads"},"IS_FTO":false,"PRODUCT_TYPE":"STANDARD","AVG_RATING":4.7679,"RATING_COUNT":56.0,"ICONS":[{"ID":"51000002","ICON_NAME":"801_NoShellfish","CLICKABLE":false,"IMAGE_URL":"https://ui.assets-asda.com/dm/_000_Icon?&$Icon-wapp$","START_DATE":1551700800,"END_DATE":1551873600,"PRIORITY":10440.0}],"PACK_SIZE":"125G","STOCK":{"4565":999},"MAX_QTY":10,"objectID":"4181499","_highlightResult":{"ID":{"value":"910000979660","matchLevel":"none","matchedWords":[]},"CIN":{"value":"4181499","matchLevel":"none","matchedWords":[]},"NAME":{"value":"Light <em>Cheese</em> Spread","matchLevel":"full","fullyHighlighted":false,"matchedWords":["cheese"]},"BRAND":{"value":"Seriously Spreadable","matchLevel":"none","matchedWords":[]},"PRIMARY_TAXONOMY":{"AISLE_NAME":{"value":"Soft & Cottage <em>Cheese</em>","matchLevel":"full","fullyHighlighted":false,"matchedWords":["cheese"]},"SHELF_NAME":{"value":"<em>Cheese</em> Spreads","matchLevel":"full","fullyHighlighted":false,"matchedWords":["cheese"]}},"LIFESTYLES":[{"value":"Suitable for Vegetarians","matchLevel":"none","matchedWords":[]}]}},{"ID":"910000563392","STATUS":"A","PHARMACY_RESTRICTED":false,"CIN":"3884168","START_DATE":-2208945600.0,"END_DATE":1924948800.0,"NAME":"Cheestrings 8 x 20g (160g)","CS_YES":false,"SHOW_PRICE_CS":true,"SALES_TYPE":"Each","IMAGE_ID":"5000187130946","BRAND":"Strings & Things","IS_BWS":false,"IS_FROZEN":false,"IS_SPONSORED":false,"PRICES":{"EN":{"OFFER":"Dropped","PRICE":2.47,"WASPRICE":2.49,"PRICEPERUOM":15.4375,"PRICEPERUOMFORMATTED":"£15.44/KG"}},"PRIMARY_TAXONOMY":{"CAT_ID":"1215660378320","CAT_NAME":"Chilled Food","DEPT_ID":"1215341805721","DEPT_NAME":"Cheese","AISLE_ID":"1215341805914","AISLE_NAME":"Cheese Snacks & Lunchbox","SHELF_ID":"1215341810541","SHELF_NAME":"Cheese Strips & Dunkers"},"IS_FTO":false,"PRODUCT_TYPE":"STANDARD","AVG_RATING":3.9021,"RATING_COUNT":194.0,"ICONS":[{"ID":"51000002","ICON_NAME":"801_NoShellfish","CLICKABLE":false,"IMAGE_URL":"https://ui.assets-asda.com/dm/_000_Icon?&$Icon-wapp$","START_DATE":1551700800,"END_DATE":1551873600,"PRIORITY":10440.0}],"PACK_SIZE":"160G","STOCK":{"4565":999},"MAX_QTY":10,"objectID":"3884168","_highlightResult":{"ID":{"value":"910000563392","matchLevel":"none","matchedWords":[]},"CIN":{"value":"3884168","matchLevel":"none","matchedWords":[]},"NAME":{"value":"Cheestrings 8 x 20g (160g)","matchLevel":"none","matchedWords":[]},"KEYWORDS":{"value":"packed lunch,pack lunch","matchLevel":"none","matchedWords":[]},"BRAND":{"value":"Strings & Things","matchLevel":"none","matchedWords":[]},"PRIMARY_TAXONOMY":{"AISLE_NAME":{"value":"<em>Cheese</em> Snacks & Lunchbox","matchLevel":"full","fullyHighlighted":false,"matchedWords":["cheese"]},"SHELF_NAME":{"value":"<em>Cheese</em> Strips & Dunkers","matchLevel":"full","fullyHighlighted":false,"matchedWords":["cheese"]}},"LIFESTYLES":[{"value":"Suitable for Vegetarians","matchLevel":"none","matchedWords":[]}]}},{"ID":"910001440072","STATUS":"A","PHARMACY_RESTRICTED":false,"CIN":"4767736","START_DATE":-2208945600.0,"END_DATE":1924948800.0,"NAME":"Cheese Triangles x16","CS_YES":false,"SHOW_PRICE_CS":true,"SALES_TYPE":"Each","IMAGE_ID":"7622210317643","BRAND":"Dairylea","IS_BWS":false,"IS_FROZEN":false,"IS_SPONSORED":false,"PRICES":{"EN":{"OFFER":"Dropped","PRICE":2.28,"WASPRICE":2.95,"PRICEPERUOM":9.12,"PRICEPERUOMFORMATTED":"£9.12/KG"}},"PRIMARY_TAXONOMY":{"CAT_ID":"1215660378320","CAT_NAME":"Chilled Food","DEPT_ID":"1215341805721","DEPT_NAME":"Cheese","AISLE_ID":"1215341805914","AISLE_NAME":"Cheese Snacks & Lunchbox","SHELF_ID":"1215341810482","SHELF_NAME":"Cheese Triangles"},"IS_FTO":false,"PRODUCT_TYPE":"STANDARD","AVG_RATING":4.6598,"RATING_COUNT":97.0,"PACK_SIZE":"250G","STOCK":{"4565":999},"MAX_QTY":10,"objectID":"4767736","_highlightResult":{"ID":{"value":"910001440072","matchLevel":"none","matchedWords":[]},"CIN":{"value":"4767736","matchLevel":"none","matchedWords":[]},"NAME":{"value":"<em>Cheese</em> Triangles x16","matchLevel":"full","fullyHighlighted":false,"matchedWords":["cheese"]},"KEYWORDS":{"value":"packed lunch,pack lunch","matchLevel":"none","matchedWords":[]},"BRAND":{"value":"Dairylea","matchLevel":"none","matchedWords":[]},"PRIMARY_TAXONOMY":{"AISLE_NAME":{"value":"<em>Cheese</em> Snacks & Lunchbox","matchLevel":"full","fullyHighlighted":false,"matchedWords":["cheese"]},"SHELF_NAME":{"value":"<em>Cheese</em> Triangles","matchLevel":"full","fullyHighlighted":false,"matchedWords":["cheese"]}},"LIFESTYLES":[{"value":"Suitable for Vegetarians","matchLevel":"none","matchedWords":[]}]}},{"ID":"1000013419759","STATUS":"A","PHARMACY_RESTRICTED":false,"CIN":"6010595","START_DATE":1528286400.0,"END_DATE":1924948800.0,"NAME":"Dutch 10 Gouda Slices","CS_YES":false,"SHOW_PRICE_CS":true,"SALES_TYPE":"Each","IMAGE_ID":"5054781763413","BRAND":"ASDA","IS_BWS":false,"IS_FROZEN":false,"IS_SPONSORED":false,"PRICES":{"EN":{"OFFER":"List","PRICE":2.54,"PRICEPERUOM":10.16,"PRICEPERUOMFORMATTED":"£10.16/KG"}},"PRIMARY_TAXONOMY":{"CAT_ID":"1215660378320","CAT_NAME":"Chilled Food","DEPT_ID":"1215341805721","DEPT_NAME":"Cheese","AISLE_ID":"1215341805815","AISLE_NAME":"Grated & Sliced Cheese","SHELF_ID":"1215341810182","SHELF_NAME":"Cheese Slices"},"IS_FTO":false,"PRODUCT_TYPE":"STANDARD","AVG_RATING":4.597,"RATING_COUNT":67.0,"PROMOS":{"EN":[{"ID":"10000479757","NAME":"Any 2 for £4.48","END_DATE":1767225599.0,"START_DATE":1755820800.0,"TYPE":15}]},"ICONS":[{"ID":"51000002","ICON_NAME":"801_NoShellfish","CLICKABLE":false,"IMAGE_URL":"https://ui.assets-asda.com/dm/_000_Icon?&$Icon-wapp$","START_DATE":1551700800,"END_DATE":1551873600,"PRIORITY":10440.0},{"ID":"59600445","ICON_NAME":"M&S Taste Match","CLICKABLE":true,"IMAGE_URL":"https://ui.assets-asda.com/dm/M-S-Taste-Match-Icon?","START_DATE":1695643200,"END_DATE":1725019200,"PRIORITY":70.0}],"PACK_SIZE":"250G","STOCK":{"4565":999},"MAX_QTY":10,"objectID":"6010595","_highlightResult":{"ID":{"value":"1000013419759","matchLevel":"none","matchedWords":[]},"CIN":{"value":"6010595","matchLevel":"none","matchedWords":[]},"NAME":{"value":"Dutch 10 Gouda Slices","matchLevel":"none","matchedWords":[]},"KEYWORDS":{"value":"M&S taste match,taste match,burger <em>cheese</em>","matchLevel":"full","fullyHighlighted":false,"matchedWords":["cheese"]},"BRAND":{"value":"ASDA","matchLevel":"none","matchedWords":[]},"PRIMARY_TAXONOMY":{"AISLE_NAME":{"value":"Grated & Sliced <em>Cheese</em>","matchLevel":"full","fullyHighlighted":false,"matchedWords":["cheese"]},"SHELF_NAME":{"value":"<em>Cheese</em> Slices","matchLevel":"full","fullyHighlighted":false,"matchedWords":["cheese"]}},"LIFESTYLES":[{"value":"Suitable for Vegetarians","matchLevel":"none","matchedWords":[]}]}},{"ID":"1000321309693","STATUS":"A","PHARMACY_RESTRICTED":false,"CIN":"7148111","START_DATE":1634644800.0,"END_DATE":1924948800.0,"NAME":"Cheese 'n' Ham","CS_YES":false,"SHOW_PRICE_CS":true,"SALES_TYPE":"Each","IMAGE_ID":"5016049086238","BRAND":"Primula","IS_BWS":false,"IS_FROZEN":false,"IS_SPONSORED":false,"PRICES":{"EN":{"OFFER":"Rollback","PRICE":1.34,"WASPRICE":1.84,"PRICEPERUOM":9.57143,"PRICEPERUOMFORMATTED":"£9.57/KG"}},"PRIMARY_TAXONOMY":{"CAT_ID":"1215660378320","CAT_NAME":"Chilled Food","DEPT_ID":"1215341805721","DEPT_NAME":"Cheese","AISLE_ID":"1215341805865","AISLE_NAME":"Soft & Cottage Cheese","SHELF_ID":"1215341810422","SHELF_NAME":"Cheese Spreads"},"IS_FTO":false,"PRODUCT_TYPE":"STANDARD","AVG_RATING":4.75,"RATING_COUNT":60.0,"ICONS":[{"ID":"51000002","ICON_NAME":"801_NoShellfish","CLICKABLE":false,"IMAGE_URL":"https://ui.assets-asda.com/dm/_000_Icon?&$Icon-wapp$","START_DATE":1551700800,"END_DATE":1551873600,"PRIORITY":10440.0}],"PACK_SIZE":"140G","STOCK":{"4565":999},"MAX_QTY":10,"objectID":"7148111","_highlightResult":{"ID":{"value":"1000321309693","matchLevel":"none","matchedWords":[]},"CIN":{"value":"7148111","matchLevel":"none","matchedWords":[]},"NAME":{"value":"<em>Cheese</em> 'n' Ham","matchLevel":"full","fullyHighlighted":false,"matchedWords":["cheese"]},"BRAND":{"value":"Primula","matchLevel":"none","matchedWords":[]},"PRIMARY_TAXONOMY":{"AISLE_NAME":{"value":"Soft & Cottage <em>Cheese</em>","matchLevel":"full","fullyHighlighted":false,"matchedWords":["cheese"]},"SHELF_NAME":{"value":"<em>Cheese</em> Spreads","matchLevel":"full","fullyHighlighted":false,"matchedWords":["cheese"]}},"LIFESTYLES":[{"value":"Gluten free","matchLevel":"none","matchedWords":[]}]}},{"ID":"1000226920902","STATUS":"A","PHARMACY_RESTRICTED":false,"CIN":"6744530","START_DATE":1588680000.0,"END_DATE":1924948800.0,"NAME":"White Chocolate Dessert","CS_YES":false,"SHOW_PRICE_CS":true,"SALES_TYPE":"Each","IMAGE_ID":"3023290045251","BRAND":"Milkybar","IS_BWS":false,"IS_FROZEN":false,"IS_SPONSORED":false,"PRICES":{"EN":{"OFFER":"Rollback","PRICE":1.74,"WASPRICE":2.48,"PRICEPERUOM":0.66923,"PRICEPERUOMFORMATTED":"66.9p/100GR"}},"PRIMARY_TAXONOMY":{"CAT_ID":"1215660378320","CAT_NAME":"Chilled Food","DEPT_ID":"1215341888021","DEPT_NAME":"Yogurts & Desserts","AISLE_ID":"910000975612","AISLE_NAME":"Desserts","SHELF_ID":"1215639170517","SHELF_NAME":"Chocolate & Caramel Desserts"},"IS_FTO":false,"PRODUCT_TYPE":"STANDARD","AVG_RATING":4.4324,"RATING_COUNT":37.0,"ICONS":[{"ID":"51000002","ICON_NAME":"801_NoShellfish","CLICKABLE":false,"IMAGE_URL":"https://ui.assets-asda.com/dm/_000_Icon?&$Icon-wapp$","START_DATE":1551700800,"END_DATE":1551873600,"PRIORITY":10440.0},{"ID":"55200007","ICON_NAME":"Rainforest Alliance","CLICKABLE":true,"IMAGE_URL":"https://ui.assets-asda.com/dm/Rainforest-Alliance-Seal-Icon?$Icon-wapp$&$Icon-wapp$&$Icon-wapp2x$","PRIORITY":540.0}],"PACK_SIZE":"4X65G","STOCK":{"4565":999},"MAX_QTY":10,"objectID":"6744530","_highlightResult":{"ID":{"value":"1000226920902","matchLevel":"none","matchedWords":[]},"CIN":{"value":"6744530","matchLevel":"none","matchedWords":[]},"NAME":{"value":"White Chocolate Dessert","matchLevel":"none","matchedWords":[]},"BRAND":{"value":"Milkybar","matchLevel":"none","matchedWords":[]},"PRIMARY_TAXONOMY":{"AISLE_NAME":{"value":"<em>Desserts</em>","matchLevel":"full","fullyHighlighted":true,"matchedWords":["cheese"]},"SHELF_NAME":{"value":"Chocolate & Caramel <em>Desserts</em>","matchLevel":"full","fullyHighlighted":false,"matchedWords":["cheese"]}}}},{"ID":"910001331818","STATUS":"A","PHARMACY_RESTRICTED":false,"CIN":"4642079","START_DATE":-2208945600.0,"END_DATE":1924948800.0,"NAME":"Wensleydale Mild & Crumbly 250g","CS_YES":false,"SHOW_PRICE_CS":true,"SALES_TYPE":"Each","IMAGE_ID":"5054070243763","BRAND":"ASDA","IS_BWS":false,"IS_FROZEN":false,"IS_SPONSORED":false,"PRICES":{"EN":{"OFFER":"List","PRICE":2.82,"PRICEPERUOM":11.28,"PRICEPERUOMFORMATTED":"£11.28/KG"}},"PRIMARY_TAXONOMY":{"CAT_ID":"1215660378320","CAT_NAME":"Chilled Food","DEPT_ID":"1215341805721","DEPT_NAME":"Cheese","AISLE_ID":"1215341805765","AISLE_NAME":"Cheddar & Regional Cheese","SHELF_ID":"1215341809057","SHELF_NAME":"White Regional Cheese"},"IS_FTO":false,"PRODUCT_TYPE":"STANDARD","AVG_RATING":4.4561,"RATING_COUNT":57.0,"ICONS":[{"ID":"51000002","ICON_NAME":"801_NoShellfish","CLICKABLE":false,"IMAGE_URL":"https://ui.assets-asda.com/dm/_000_Icon?&$Icon-wapp$","START_DATE":1551700800,"END_DATE":1551873600,"PRIORITY":10440.0},{"ID":"55200006","ICON_NAME":"_008_RedTractorAUTO","CLICKABLE":true,"IMAGE_URL":"https://ui.assets-asda.com/dm/_008_redtractor?&$icon-wapp$","START_DATE":1609329600,"END_DATE":1682510400,"PRIORITY":5354.0},{"ID":"59600445","ICON_NAME":"M&S Taste Match","CLICKABLE":true,"IMAGE_URL":"https://ui.assets-asda.com/dm/M-S-Taste-Match-Icon?","START_DATE":1695643200,"END_DATE":1725019200,"PRIORITY":70.0},{"ID":"1215429129918","ICON_NAME":"_043_British","CLICKABLE":true,"IMAGE_URL":"https://ui.assets-asda.com/dm/_043_british?","END_DATE":1682510400,"PRIORITY":5435.0}],"PACK_SIZE":"250G","STOCK":{"4565":999},"MAX_QTY":10,"objectID":"4642079","_highlightResult":{"ID":{"value":"910001331818","matchLevel":"none","matchedWords":[]},"CIN":{"value":"4642079","matchLevel":"none","matchedWords":[]},"NAME":{"value":"Wensleydale Mild & Crumbly 250g","matchLevel":"none","matchedWords":[]},"KEYWORDS":{"value":"<em>cheese</em> board,<em>Cheese</em>board,M&S taste match,taste match,M&S Taste match,taste match","matchLevel":"full","fullyHighlighted":false,"matchedWords":["cheese"]},"BRAND":{"value":"ASDA","matchLevel":"none","matchedWords":[]},"PRIMARY_TAXONOMY":{"AISLE_NAME":{"value":"Cheddar & Regional <em>Cheese</em>","matchLevel":"full","fullyHighlighted":false,"matchedWords":["cheese"]},"SHELF_NAME":{"value":"White Regional <em>Cheese</em>","matchLevel":"full","fullyHighlighted":false,"matchedWords":["cheese"]}},"LIFESTYLES":[{"value":"Suitable for Vegetarians","matchLevel":"none","matchedWords":[]}]}}],"nbHits":905,"page":0,"nbPages":16,"hitsPerPage":60,"facets":{"BRAND":{"ASDA":218,"The BAKERY at ASDA":49,"Exceptional by ASDA":33,"JUST ESSENTIALS by ASDA":31,"Cathedral City":26,"GU":23,"Regal":20,"Walkers":19,"Cadbury":18,"Dairylea":18,"Philadelphia":14,"ASDA Free From":13,"Chicago Town":13,"Jacob's":12,"Batchelors":11,"Heinz":11,"Ella's Kitchen":8,"Muller":8,"Pilgrims Choice":8,"SweetZone":8,"Attack A Snak":7,"Parle":7,"ASDA Extra Special":6,"Bistro by ASDA":6,"Goodfella's":6,"Regal Bakery":6,"Riya's":6,"The Laughing Cow":6,"Violife":6,"Castello":5,"Dolmio":5,"Mr Kipling":5,"Old El Paso":5,"Strings & Things":5,"Aero":4,"Alpro":4,"Dewlay":4,"Doritos":4,"Galbani":4,"Milkybar":4,"Seriously Spreadable":4,"Takeout Club by ASDA":4,"Webbox":4,"Apetina":3,"Applewood":3,"Arla":3,"Balconi":3,"Boursin":3,"Cheez-It":3,"Dreamies":3,"Ginsters":3,"Holland's":3,"Mlekovita":3,"Mug Shot":3,"Nairn's":3,"Pimlico":3,"Primula":3,"Royal":3,"Rustlers":3,"Seabrook":3,"Viennetta":3,"ASDA The Bakery":2,"Angel Delight":2,"Arla LactoFREE":2,"Bakers":2,"Barbie":2,"Birds Eye":2,"Cheetos":2,"Daim":2,"Domo":2,"English Cheesecake Company":2,"Good Boy":2,"Idahoan":2,"Kiddylicious":2,"Koko Dairy Free":2,"Lowicz":2,"Melis":2,"Mexicana":2,"Mlekpol":2,"Muller Light":2,"Muller Rice":2,"Novo":2,"Oddlygood":2,"Organix":2,"Pedigree":2,"Piatnica":2,"Port Salut":2,"President":2,"Pringles":2,"Proper":2,"Quorn":2,"Ritz":2,"SUMMER GRILL by ASDA":2,"Schwartz":2,"Sofra":2,"Spooners":2,"Summer by ASDA":2,"Sutdiyari":2,"Tiger by ASDA":2,"Trophi":2},"NUTRITIONAL_INFO.Halal":{"0":901,"1":4},"NUTRITIONAL_INFO.NoEgg":{"0":855,"1":50},"NUTRITIONAL_INFO.Vegan":{"0":902,"1":3},"NUTRITIONAL_INFO.Kosher":{"0":905},"NUTRITIONAL_INFO.LowFat":{"0":894,"1":11},"NUTRITIONAL_INFO.NoFish":{"0":829,"1":76},"NUTRITIONAL_INFO.NoMilk":{"0":902,"1":3},"NUTRITIONAL_INFO.NoNuts":{"0":853,"1":52},"NUTRITIONAL_INFO.NoSoya":{"0":854,"1":51},"NUTRITIONAL_INFO.Ofaday":{"0":905},"NUTRITIONAL_INFO.LowSalt":{"0":886,"1":19},"NUTRITIONAL_INFO.NoLupin":{"0":829,"1":76},"NUTRITIONAL_INFO.LowSugar":{"0":861,"1":44},"NUTRITIONAL_INFO.NoGluten":{"0":871,"1":34},"NUTRITIONAL_INFO.NoSesame":{"0":836,"1":69},"PRIMARY_TAXONOMY.CAT_NAME":{"Chilled Food":451,"Food Cupboard":135,"Frozen Food":92,"Bakery":79,"World Food":67,"Baby, Toddler & Kids":20,"Pet Food & Accessories":20,"Dietary & Lifestyle":12,"Fruit, Veg & Flowers":7,"Meat, Poultry & Fish":7,"Home & Entertainment":6,"Health & Wellness":4,"Free From...":2,"Beer, Wine & Spirits":1,"Christmas":1,"Other":1},"NUTRITIONAL_INFO.HighFibre":{"0":902,"1":3},"NUTRITIONAL_INFO.NoLactose":{"0":899,"1":6},"NUTRITIONAL_INFO.NoMustard":{"0":836,"1":69},"NUTRITIONAL_INFO.NoPeanuts":{"0":842,"1":63},"PRIMARY_TAXONOMY.DEPT_NAME":{"Cheese":261,"Yogurts & Desserts":103,"Desserts & Cream Cakes":63,"Crisps, Nuts & Popcorn":52,"Indian & Asian Food":52,"Party Food, Pies, Salads & Dips":37,"Pizza, Garlic Bread & Party":33,"Frozen Desserts & Pastry":26,"Cooking Sauces, Meal Kits & Sides":22,"Noodle Pots & Instant Snacks":21,"Biscuits & Crackers":18,"Pizza, Pasta & Garlic Bread":17,"Baby & Toddler Food":14,"Pies & Ready Meals":14,"Ready Meals":13,"Sandwiches, Snacks & Drinks":12,"Cat Food & Accessories":11,"Eastern European Food":10,"Dog Food & Accessories":9,"Cake Bars, Slices & Tarts":8,"Tinned Food":7,"Vegan":7,"Baby, Toddler & Kids Snacks":6,"Free From":5,"Home Baking":5,"Jams, Spreads & Desserts":5,"Meat & Poultry":5,"Toys":5,"Vegetables & Potatoes":5,"Vegetarian & Vegan":5,"Chicken, Meat & Fish":4,"Cooked Meat":4,"In Store Bakery":4,"Meal Deals":4,"Sports Nutrition":4,"Chocolates & Sweets":3,"Italian & Mediterranean Food":3,"African & Caribbean Food":2,"Frozen World Foods":2,"Ice Cream Parlour":2,"Lactose Free Food & Drink":2,"Vegetables":2,"Bread & Rolls":1,"Cakes":1,"Chips, Potatoes & Sides":1,"Christmas Dinner":1,"Condiments & Cooking Ingredients":1,"Crumpets, Muffins & Pancakes":1,"Dairy & Eggs":1,"Exceptional Bakery":1,"Frozen Christmas Food":1,"Frozen Free From":1,"Fruit":1,"Milk, Butter, Cream & Eggs":1,"Music, Film, Games & Books":1,"Other":1,"Rice, Pasta & Noodles":1,"Salads & Stir Fry":1,"Takeaway":1,"Tobacconist":1},"NUTRITIONAL_INFO.Vegetarian":{"0":842,"1":63},"PRIMARY_TAXONOMY.AISLE_NAME":{"Desserts":93,"Cheddar & Regional Cheese":69,"Asian Desserts & Sweet Treats":52,"Continental Cheese":49,"Soft & Cottage Cheese":39,"Cheese Snacks & Lunchbox":38,"Grated & Sliced Cheese":28,"Multipack Crisps":26,"Sharing Crisps":22,"Cheesecakes & Trifles":19,"Crackers & Rice Cakes":18,"Cheeseboard & Speciality Cheese":17,"Pies, Quiche & Pasties":17,"Frozen Cheesecakes & Tarts":15,"Free From Cheese":14,"Hot Desserts":13,"Pasta & Sauce":13,"Sandwiches, Snacks & Drinks":12,"Cat Treats & Milk":11,"Desserts for Two":11,"Family & Sharing Desserts":10,"Fresh Pizza":10,"Frozen Party & Ice Cream Desserts":10,"Eastern European Chilled Meat & Dairy":9,"Custard Tarts & Cream Cakes":8,"Dog Treats, Chews & Biscuits":8,"Frozen Thin Crust Pizza":8,"Italian Sauces & Ingredients":8,"Coleslaw, Dips, Fillers & Salads":7,"Cuisine":7,"Frozen Party Food":7,"Frozen Snacking, Kids & Mini Pizza":7,"Frozen Takeaway & Stuffed Crust Pizza":7,"Pasta Pots":7,"Pasta, Sauce & Garlic Bread":7,"Tapas, Olives & Antipasti":7,"Free From Yogurts & Desserts":6,"Mexican Meal Kits, Sauces & Sides":6,"Packet Mixes":6,"Sausage Rolls & Cocktail Sausages":6,"Vegan Chilled Food":6,"Yogurts & Fromage Frais":6,"Baby Snacks (Under 12 months)":5,"Frozen Italian Meals":5,"Popular Brands":5,"Toys by Type":5,"Bistro by ASDA":4,"Cake Bars & Mini Rolls":4,"Cake Mixes & Baking Kits":4,"Gluten Free Food & Drink":4,"Lower Fat Cheese":4,"Protein Bars & Snacks":4,"Take Out Club Pizza Meal Deal":4,"Vegetarian Frozen Food":4,"Frozen Deep Pan Pizza":3,"Frozen Pasties & Sausage Rolls":3,"Frozen Traditional Meals":3,"Pies & Tinned Meals":3,"Stage 2 (7+ Months)":3,"Stage 4 (12+ Months)":3,"Tinned Pasta & Spaghetti":3,"Tortilla Chips & Dips":3,"Bacon, Sausages & Gammon":2,"Baking & Cooking Cheese":2,"Boxed Chocolates & Gifts":2,"Bread & Rolls":2,"Brownies, Cookies & Shortbread":2,"Chicken & Turkey":2,"Continental Meats & Pate":2,"Cookies, Donuts & Scones":2,"Dessert Mixes":2,"Frozen Chicken & Turkey":2,"Frozen Sausages & Burgers":2,"Frozen Vegetables":2,"Frozen World Foods":2,"Ice Cream Tubs":2,"Italian & Mediterranean Cooking Ingredients":2,"Lactose Free Yogurts & Desserts":2,"Potatoes":2,"Prepared & Roasting Veg":2,"Snacking & Hot Dogs":2,"Stage 1 (6+ Months)":2,"Stage 3 (10+ Months)":2,"Tarts, Pies & Bakewells":2,"The Pie Shop":2,"View All Desserts & Cream Cakes":2,"African & Caribbean Cooking Ingredients":1,"African & Caribbean Meat & Patties":1,"Baked Beans":1,"Books":1,"Bread Rolls":1,"Broccoli & Cauliflower":1,"Casseroles & Slow Cooker Sauces":1,"Cheese":1,"Chocolate Bags & Cartons":1,"Christmas Puddings, Desserts & Toppings":1,"Cooking Sauces":1,"Dry Dog Food":1,"Exceptional Cheese":1,"Exceptional Cookies, Cake & Desserts":1},"PRIMARY_TAXONOMY.SHELF_NAME":{"Asian Desserts & Sweet Treats":52,"Chocolate & Caramel Desserts":30,"Cheesecakes":23,"Soft Cheese":23,"Cheese Slices":19,"Cheesecakes & Trifles":19,"Sharing Crisps":19,"Small Multipack Crisps (4-8 packs)":19,"Grated & Sliced Cheese":18,"Mousse":18,"Cheese Strips & Dunkers":17,"Feta, Halloumi & Salad":17,"Mature Cheese":16,"Frozen Cheesecakes & Tarts":15,"Cheese Snacking":13,"Hot Desserts":13,"Parmesan & Hard Cheese":13,"Pasta & Sauce":13,"Brie & Camembert":11,"Cheese Spreads":11,"Desserts for Two":11,"Vegan Cheese Alternative":11,"Family & Sharing Desserts":10,"Frozen Party & Ice Cream Desserts":10,"Mild & Medium Cheese":10,"Trifles & Sundaes":10,"Blue & Stilton":9,"Cat Biscuit Treats":9,"Chilled Rice Pudding":9,"Extra Mature & Vintage Cheese":9,"Grated Cheese":9,"Mozzarella & Mascarpone":9,"Red Leicester & Gloucester":9,"Cheese Triangles":8,"Custard Tarts & Cream Cakes":8,"Eastern European Chilled Dairy":8,"Frozen Thin Crust Pizza":8,"Frozen Party Food":7,"Frozen Snacking, Kids & Mini Pizza":7,"Frozen Takeaway & Stuffed Crust Pizza":7,"Large Multipack Crisps (10+ packs)":7,"Pasta Pots":7,"Pasties & Slices":7,"Quiche & Tarts":7,"White & Cheese Sauces":7,"White Regional Cheese":7,"Dairy Free Yogurts & Desserts":6,"Pour Over Sauces":6,"Baby Snacks (Under 12 Months)":5,"Cheese & Vegetarian Rolls":5,"Cottage Cheese & Quark":5,"Cream Crackers":5,"Flavoured & Multi Grain Crackers":5,"Fruit, Flavoured & Smoked":5,"Italian Meals":5,"Tapas & Antipasti":5,"Bistro by ASDA":4,"Boxed Pizza":4,"Cake Bars & Mini Rolls":4,"Lower Fat Cheese":4,"Mexican Meal Kits":4,"Microwaveable Snacks":4,"Protein Bars & Snacks":4,"Sandwich Fillers":4,"Sandwiches, Salads & Sushi":4,"Snacking & Sides":4,"Snacks":4,"Take Out Club Pizza Meal Deal":4,"Vegan Cheese & Spreads":4,"Fresh Pasta Sauce":3,"Frozen Deep Pan Pizza":3,"Frozen Pasties & Sausage Rolls":3,"Gluten Free Food Cupboard":3,"Heinz Baby Food":3,"Lactose Free Cheese":3,"Pies":3,"Potatoes & Instant Mash":3,"Rewarding Treats":3,"Starters & Sides":3,"Tinned Pasta":3,"Tortilla Chips & Dips":3,"Traditional Meals":3,"Trays & Kids Meals":3,"Whole Cake & Sponge Mixes":3,"Baking & Cooking Cheese":2,"Board Games & Puzzles":2,"Boxes of Chocolates":2,"Bread & Rolls":2,"Breadsticks & Twists":2,"British":2,"Brownies, Cookies & Shortbread":2,"Cat Sticks & Liquid Treats":2,"Chilled Dips":2,"Chorizo, Salami & Hams":2,"Cookies, Donuts & Scones":2,"Crackers For Cheese":2,"Dessert Mixes":2,"Dog Chews":2,"Dolls & Soft Toys":2,"Family Sized Ice Cream Tubs":2},"NUTRITIONAL_INFO.NoShellfish":{"0":830,"1":75},"NUTRITIONAL_INFO.SourceofFibre":{"0":891,"1":14},"NUTRITIONAL_INFO.LowSaturatedFat":{"0":896,"1":9},"NUTRITIONAL_INFO.NoCeleryincludingceleriac":{"0":836,"1":69}},"facets_stats":{"NUTRITIONAL_INFO.Halal":{"min":0,"max":1,"avg":0,"sum":4},"NUTRITIONAL_INFO.NoEgg":{"min":0,"max":1,"avg":0,"sum":50},"NUTRITIONAL_INFO.Vegan":{"min":0,"max":1,"avg":0,"sum":3},"NUTRITIONAL_INFO.Kosher":{"min":0,"max":0,"avg":0,"sum":0},"NUTRITIONAL_INFO.LowFat":{"min":0,"max":1,"avg":0,"sum":11},"NUTRITIONAL_INFO.NoFish":{"min":0,"max":1,"avg":0,"sum":76},"NUTRITIONAL_INFO.NoMilk":{"min":0,"max":1,"avg":0,"sum":3},"NUTRITIONAL_INFO.NoNuts":{"min":0,"max":1,"avg":0,"sum":52},"NUTRITIONAL_INFO.NoSoya":{"min":0,"max":1,"avg":0,"sum":51},"NUTRITIONAL_INFO.Ofaday":{"min":0,"max":0,"avg":0,"sum":0},"NUTRITIONAL_INFO.LowSalt":{"min":0,"max":1,"avg":0,"sum":19},"NUTRITIONAL_INFO.NoLupin":{"min":0,"max":1,"avg":0,"sum":76},"NUTRITIONAL_INFO.LowSugar":{"min":0,"max":1,"avg":0,"sum":44},"NUTRITIONAL_INFO.NoGluten":{"min":0,"max":1,"avg":0,"sum":34},"NUTRITIONAL_INFO.NoSesame":{"min":0,"max":1,"avg":0,"sum":69},"NUTRITIONAL_INFO.HighFibre":{"min":0,"max":1,"avg":0,"sum":3},"NUTRITIONAL_INFO.NoLactose":{"min":0,"max":1,"avg":0,"sum":6},"NUTRITIONAL_INFO.NoMustard":{"min":0,"max":1,"avg":0,"sum":69},"NUTRITIONAL_INFO.NoPeanuts":{"min":0,"max":1,"avg":0,"sum":63},"NUTRITIONAL_INFO.Vegetarian":{"min":0,"max":1,"avg":0,"sum":63},"NUTRITIONAL_INFO.NoShellfish":{"min":0,"max":1,"avg":0,"sum":75},"NUTRITIONAL_INFO.SourceofFibre":{"min":0,"max":1,"avg":0,"sum":14},"NUTRITIONAL_INFO.LowSaturatedFat":{"min":0,"max":1,"avg":0,"sum":9},"NUTRITIONAL_INFO.NoCeleryincludingceleriac":{"min":0,"max":1,"avg":0,"sum":69}},"exhaustiveFacetsCount":true,"exhaustiveNbHits":true,"exhaustiveTypo":true,"exhaustive":{"facetsCount":true,"nbHits":true,"typo":true},"query":"cheese","params":"query=cheese&clickAnalytics=true&analytics=true&hitsPerPage=60&page=0&typoTolerance=true&removeWordsIfNoResults=allOptional&optionalFilters=%5B%22STOCK.4565%3A1%3Cscore%3D50000%3E%22%5D&attributesToRetrieve=%5B%22STATUS%22%2C%22BRAND%22%2C%22CIN%22%2C%22NAME%22%2C%22AVG_RATING%22%2C%22RATING_COUNT%22%2C%22ICONS%22%2C%22PRICES.EN%22%2C%22SALES_TYPE%22%2C%22MAX_QTY%22%2C%22STOCK.4565%22%2C%22IS_FROZEN%22%2C%22IS_BWS%22%2C%22PROMOS.EN%22%2C%22LABEL%22%2C%22LABEL_START_DATE%22%2C%22LABEL_END_DATE%22%2C%22IS_SPONSORED%22%2C%22PRODUCT_TYPE%22%2C%22CIN_ID%22%2C%22PRIMARY_TAXONOMY%22%2C%22IMAGE_ID%22%2C%22PACK_SIZE%22%2C%22PHARMACY_RESTRICTED%22%2C%22CS_YES%22%2C%22CS_TEXT%22%2C%22IS_FTO%22%2C%22PURCHASE_START_DATE_FTO%22%2C%22PURCHASE_END_DATE_FTO%22%2C%22DELIVERY_SLOT_START_DATE_FTO%22%2C%22END_DATE%22%2C%22START_DATE%22%2C%22SIZE_DESC%22%2C%22REWARDS%22%2C%22SHOW_PRICE_CS%22%2C%22ID%22%5D&facets=%5B%22BRAND%22%2C%22NUTRITIONAL_INFO.*%22%2C%22PRIMARY_TAXONOMY.CAT_NAME%22%2C%22PRIMARY_TAXONOMY.DEPT_NAME%22%2C%22PRIMARY_TAXONOMY.AISLE_NAME%22%2C%22PRIMARY_TAXONOMY.SHELF_NAME%22%5D&filters=%28STATUS%3AA+OR+STATUS%3AI%29+AND+NOT+DISPLAY_ONLINE%3Afalse+AND+NOT+UNTRAITED_STORES%3A4565+AND+%28IS_FTO%3D0+OR+PURCHASE_END_DATE_FTO+%3E+1758459847%29+AND+%28START_DATE%3C1758459847+OR+CS_YES%3D1%29+AND+END_DATE%3E1758459847&&analyticsTags=%5B%22ext-alg%23query-category%3Aquery-matched%22%2C%22ext-alg%23auto-filter%3Aenabled%22%5D&optionalFilters=%5B%22PAGE_TAXONOMY%3A-Beer%2C+Wine+%26+Spirits+%3E+Tobacconist%3Cscore%3D100%3E%22%5D","index":"ASDA_PRODUCTS","queryID":"d0c0c828453042a732e6901d180976e4","renderingContent":{},"extensions":{"queryCategorization":{"autofiltering":{"enabled":true,"maxDepth":5,"facetFilters":[],"optionalFilters":[]},"count":637904,"normalizedQuery":"cheese"}},"processingTimeMS":12,"processingTimingsMS":{"_request":{"roundTrip":15},"afterFetch":{"format":{"total":10}},"extensions":1,"extractDocsToPromote":2,"fetch":{"scanning":5,"total":6},"total":12},"serverTimeMS":23},{"hits":[{"ASDA_PRODUCTS":{"exact_nb_hits":124,"facets":{"exact_matches":{},"analytics":{}}},"nb_words":2,"popularity":123426,"query":"grated cheese","objectID":"grated cheese","_highlightResult":{"query":{"value":"grated <em>cheese</em>","matchLevel":"full","fullyHighlighted":false,"matchedWords":["cheese"]}}}],"nbHits":305,"page":0,"nbPages":305,"hitsPerPage":1,"exhaustiveNbHits":true,"exhaustiveTypo":true,"exhaustive":{"nbHits":true,"typo":true},"query":"cheese","params":"query=cheese&page=0&hitsPerPage=1&removeWordsIfNoResults=allOptional&analytics=false&","index":"Products_query_suggestions","renderingContent":{},"extensions":{"queryCategorization":{}},"processingTimeMS":2,"processingTimingsMS":{"_request":{"roundTrip":15},"extensions":1,"total":2},"serverTimeMS":25}]}




https://8i6wskccnv-dsn.algolia.net/1/indexes/*/queries
 # dont care about agent


{"requests":[{"query":"cheese","indexName":"ASDA_PRODUCTS","clickAnalytics":true,"analytics":true,"hitsPerPage":60,"page":0,"typoTolerance":true,"removeWordsIfNoResults":"allOptional","optionalFilters":["STOCK.4565:1<score=50000>"],"attributesToRetrieve":["STATUS","BRAND","CIN","NAME","AVG_RATING","RATING_COUNT","ICONS","PRICES.EN","SALES_TYPE","MAX_QTY","STOCK.4565","IS_FROZEN","IS_BWS","PROMOS.EN","LABEL","LABEL_START_DATE","LABEL_END_DATE","IS_SPONSORED","PRODUCT_TYPE","CIN_ID","PRIMARY_TAXONOMY","IMAGE_ID","PACK_SIZE","PHARMACY_RESTRICTED","CS_YES","CS_TEXT","IS_FTO","PURCHASE_START_DATE_FTO","PURCHASE_END_DATE_FTO","DELIVERY_SLOT_START_DATE_FTO","END_DATE","START_DATE","SIZE_DESC","REWARDS","SHOW_PRICE_CS","ID"],"facets":["BRAND","NUTRITIONAL_INFO.*","PRIMARY_TAXONOMY.CAT_NAME","PRIMARY_TAXONOMY.DEPT_NAME","PRIMARY_TAXONOMY.AISLE_NAME","PRIMARY_TAXONOMY.SHELF_NAME"],"filters":"(STATUS:A OR STATUS:I) AND NOT DISPLAY_ONLINE:false AND NOT UNTRAITED_STORES:4565 AND (IS_FTO=0 OR PURCHASE_END_DATE_FTO > 1758461142) AND (START_DATE<1758461142 OR CS_YES=1) AND END_DATE>1758461142","params":""},{"query":"cheese","indexName":"Products_query_suggestions","page":0,"hitsPerPage":1,"removeWordsIfNoResults":"allOptional","analytics":false,"params":""}]}